3509 5600
1481 1446 1927 1584 Caput
2018 1453 2615 1556 tertium.

714 1699 832 1764 De
881 1695 1132 1764 Taciti
1180 1696 1649 1765 Germaniae
1699 1698 2092 1763 codicibus
2139 1697 2601 1763 Monacensi
2650 1705 2723 1763 et
2771 1695 3354 1784 stuttgartiensi.

845 2052 1185 2115 Absoluta
1239 2052 1340 2114 ita
1397 2051 1665 2115 duobus
1726 2052 2077 2133 capitibus
2138 2052 2732 2133 praecedentibus
2800 2053 3268 2133 disputatione
3328 2053 3399 2116 de

658 2158 953 2221 Holderi
1002 2163 1071 2220 et
1120 2157 1529 2221 Baehrensii
1592 2158 1939 2242 opinione,
2006 2176 2220 2239 quam
2284 2159 2369 2222 de
2433 2160 2703 2240 origine
2761 2167 2832 2224 et
2888 2163 3117 2242 pretio
3167 2161 3402 2226 codicis

639 2263 1137 2328 *Hummeliani
1178 2265 1640 2345 protulerunt,
1708 2270 1780 2329 et
1820 2265 2102 2329 adiecta
2143 2266 2591 2347 inquisitione
2624 2268 2695 2330 in
2730 2268 3197 2350 archetypum
3228 2267 3405 2330 huius
3483 2276 3484 2287 ¹

660 2370 925 2435 codicis
962 2371 1043 2452 H,
1080 2372 1265 2452 qu'od
1300 2371 1499 2435 nobis
1539 2372 1823 2435 minime
1857 2372 2233 2436 videbatur
2275 2391 2428 2436 esse
2463 2371 2964 2439 Germanicum
3006 2374 3200 2455 illud,
3242 2373 3404 2456 quod

660 2477 1006 2541 Henochii
1056 2479 1183 2542 sub
1232 2479 1556 2542 manibus
1603 2484 1965 2542 versatum
2021 2479 2128 2559 sit,
2180 2479 2270 2542 ad
2319 2481 2755 2561 propositum
2801 2482 3178 2545 redeamus
3225 2485 3289 2544 et
3330 2480 3406 2543 de

583 2606 589 2612 ·
661 2583 887 2647 Taciti
941 2583 1366 2649 Germaniae
1415 2586 1774 2650 codicibus
1820 2585 2228 2650 Monacensi
2270 2587 2389 2669 (M)
2438 2594 2509 2650 et
2556 2587 3086 2668 Stuttgartiensi
3120 2589 3215 2671 (S)
3261 2605 3405 2667 aga

660 2708 836 2754 mus.
942 2690 1134 2772 Quos
1201 2692 1481 2757 codices
1540 2691 1807 2756 Holder
1862 2711 1952 2756 ex
2014 2712 2151 2756 uno
2216 2694 2605 2775 eodemque
2668 2696 3061 2777 archetypo
3112 2737 3193 2744 —-
3241 2693 3407 2776 quod
3483 2678 3484 2743 Ῐ

659 2799 900 2862 littera
940 2826 977 2886 y
1009 2800 1285 2862 notavit
1315 2840 1402 2848 -
1433 2800 1849 2881 profluxisse
1900 2806 1970 2864 et
2017 2802 2196 2864 tanti
2244 2802 2452 2884 pretii
2499 2821 2654 2866 esse
2703 2803 3156 2883 existimavit,
3224 2808 3292 2866 ut
3336 2802 3410 2864 iis

660 2905 1061 2987 proximum
1108 2911 1268 2987 post
1315 2907 1632 2970 codicem
1678 2907 1743 2970 H
1790 2908 2024 2971 locum
2071 2907 2141 2970 in
2193 2914 2545 2990 apparatu
2593 2928 2717 2973 suo
2768 2910 3015 2974 critico
3066 2910 3404 2974 tribueret.
3483 2935 3484 2972 2

658 3012 1082 3077 Accuratius
1132 3012 1218 3075 de
1267 3014 1405 3078 hac
1450 3032 1528 3077 re
1577 3014 2047 3078 Baehrensius
2098 3015 2424 3078 disseruit
2464 3016 2534 3078 in
2568 3015 3014 3081 Fleckeiseni
3057 3017 3412 3080 annalibus
3483 3017 3484 3028 ¹

663 3125 866 3202 (1880
914 3138 979 3201 p.
1033 3126 1157 3186 265
1209 3125 1415 3202 sqq.):
1483 3120 1602 3202 qui
1663 3120 1800 3185 hoc
1863 3122 2329 3203 archetypum
2377 3148 2414 3210 y
2460 3123 2530 3185 in
2588 3124 2800 3187 Italia
2847 3142 2886 3186 e
2936 3124 3254 3189 codicum
3305 3121 3408 3188 OD
3483 3175 3484 3178 ,

659 3244 922 3307 genere
973 3227 1423 3308 exscriptum,
1475 3227 1730 3291 additis
1777 3227 1849 3290 in
1896 3228 2217 3308 margine
2270 3229 2685 3294 lectionibus
2742 3231 3164 3312 quibusdam
3211 3230 3412 3295 variis
3483 3263 3484 3272 κ

661 3334 984 3398 codicum
1020 3334 1140 3397 AB
1174 3335 1391 3415 Alpes
1426 3339 1940 3415 transgressum
1983 3339 2052 3397 et
2094 3335 2163 3397 in
2200 3335 2584 3400 Germania
2630 3331 3019 3401 secundum
3068 3338 3328 3403 codicis
3356 3335 3410 3399 H
3483 3337 3484 3362 ³

658 3441 1157 3505 auctoritatem
1206 3444 1601 3505 correctum
1650 3459 1803 3504 esse
1852 3441 2176 3507 affirmat.
2226 3442 2459 3525 thue
2492 3445 2731 3526 plures
2763 3450 2927 3508 sunt
2958 3445 3182 3524 huiuS,
3216 3460 3412 3527 quam
3483 3517 3484 3522 ἵ

663 3548 977 3610 tulerunt
1046 3547 1312 3611 Holder
1383 3552 1453 3611 et
1514 3548 2003 3629 Baehrensius,
2075 3550 2469 3613 sententiae
2538 3556 2801 3632 partes,
2873 3552 2977 3615 ita
3048 3552 3412 3635 disputatio
3483 3597 3484 3602 η

662 3672 942 3737 quoque
1016 3661 1258 3717 nostra
1328 3673 1366 3717 e
1437 3655 1913 3736 compluribus
1984 3657 2337 3721 constabit
2405 3658 2747 3739 partibus,
2823 3676 3123 3740 quarum
3197 3659 3416 3741 prima

663 3763 1076 3844 inquiretur,
1139 3767 1369 3824 utrum
1417 3781 1507 3825 ex
1554 3781 1691 3825 uno
1741 3762 2128 3844 eodemque
2180 3763 2569 3845 archetypo
2616 3765 3083 3846 profluxerint
3128 3785 3206 3830 re
3256 3781 3416 3829 vera

655 3869 726 3932 M
776 3874 846 3932 et
894 3867 938 3932 S
988 3887 1231 3932 necne.
1328 3869 1437 3932 Ad
1500 3887 1710 3951 quam
1773 3870 2293 3952 inquisitionem
2355 3872 2768 3953 priusquam
2830 3874 3279 3955 accedamus,
3339 3872 3413 3934 de

657 3977 909 4039 horum
960 3976 1280 4039 codicum
1332 3975 1574 4039 habitu
1624 3980 1837 4058 atque
1885 3982 2142 4040 natura
2189 3996 2424 4059 pauca
2471 3984 2678 4042 erunt
2739 3978 3063 4061 dicenda,
3128 3996 3410 4061 quorum

657 4087 1031 4163 utrumque
1106 4093 1178 4144 ut
1254 4083 1404 4163 ipse
1482 4084 1553 4145 in
1640 4083 2069 4147 bibliotheca
2148 4084 2639 4166 Marpurgensi
2716 4086 3067 4167 inspicere
3144 4102 3412 4168 possem
3483 4097 3484 4108 ¹

658 4189 829 4252 mihi
892 4191 1372 4254 munificentia
1427 4203 1498 4253 et
1554 4191 2053 4263 benevolentia
2113 4191 2703 4255 bibliothecarum
2766 4211 2927 4257 cum
2982 4192 3418 4259 Monacensis

660 4301 732 4359 et
778 4295 1343 4376 Stuttgartiensis
1391 4301 1537 4359 tum
1585 4297 2110 4378 Marpurgensis
2160 4298 2474 4378 contigit.

1990 4511 2112 4578 M.-

837 4667 1075 4732 Oodex
1148 4669 1244 4750 Μ,
1317 4687 1505 4733 nunc
1581 4670 2024 4735 Monacensis
2073 4671 2365 4735 Latinus
2438 4677 2641 4753 5307,
2722 4674 2886 4736 olim
2967 4672 3412 4750 ChiemensiS,

661 4774 1106 4848 chartaceus,
1158 4776 1471 4840 continet
1517 4777 1741 4858 primo
1791 4779 1946 4841 loco
1996 4776 2591 4843 Commentarium
2632 4780 2704 4842 in
2736 4780 3128 4862 scripturas
3162 4796 3409 4854 sacraS,

656 4882 968 4946 secundo
1004 4881 1564 4964 Descriptionem
1599 4888 1832 4947 terrae
1865 4889 2178 4966 sanctae,
2214 4887 2420 4949 tertio
2465 4886 2628 4950 inde
2669 4905 2713 4950 a
2750 4888 2917 4950 folio
2949 4894 3072 4955 153
3130 4883 3413 4968 Cornelij
