3509 5600
1821 400 2212 460 —2-

630 589 932 670 pessime
981 588 1446 670 depravatos:
1497 605 1709 669 quam
1758 590 1846 652 ob
1897 607 2045 652 rem
2095 608 2233 670 eOS,
2286 596 2361 653 ut
2404 590 2823 671 apographa
2864 595 3204 672 corrupta
3247 609 3404 673 apo-

631 695 886 777 graphi
934 694 1397 774 Henochiani,
1447 696 1620 758 nihil
1664 695 1911 759 valere
1958 695 2028 758 in
2080 700 2277 759 textu
2329 695 2756 760 Germaniae
2806 697 3263 762 restituendo,
3323 697 3407 762 Et

629 802 737 866 his
773 803 1215 884 opinionibus
1259 822 1302 866 a
1333 801 1908 866 Reifferscheidio
1944 809 2014 866 et
2047 802 2377 868 Michaeli
2421 803 2717 884 prolatis
2756 804 2965 867 fidem
3007 803 3407 868 habuerunt

638 911 958 992 plerique
992 911 1126 972 viri
1178 910 1385 989 docti,
1437 910 1602 973 dum
1652 929 1839 973 anno
1880 916 2047 977 1878
2096 929 2288 974 nova
2321 910 2746 976 Germaniae
2796 911 3007 973 editio
3056 911 3126 973 in
3179 912 3406 976 lucem

629 1018 908 1100 prodiit,
954 1026 1205 1081 curata
1247 1018 1336 1081 ab
1370 1017 1660 1080 Alfredo
1702 1017 2033 1096 Holder0‚
2078 1018 2423 1099 impressa
2457 1037 2499 1081 a
2534 1017 2608 1083 Β.
2646 1017 2726 1083 G.
2762 1015 3165 1081 Teubnero:
3211 1019 3408 1081 cuius

637 1125 962 1189 editionis
1012 1134 1401 1206 apparatus
1450 1143 1656 1206 quem
1708 1142 2048 1188 vocamus
2097 1125 2384 1190 criticus
2453 1143 2591 1187 non
2659 1124 2761 1186 ita
2817 1128 2972 1186 erat
3029 1125 3405 1204 institutuS,

630 1239 706 1295 ut
748 1233 913 1294 solis
948 1231 1190 1296 ABCD
1226 1232 1586 1297 codicibus
1628 1232 2015 1296 auctoritas
2063 1232 2510 1310 tribueretur,
2559 1231 2769 1293 immo
2820 1231 3122 1311 primum
3172 1231 3405 1295 locum

630 1346 905 1402 teneret
953 1338 1178 1402 codex
1226 1338 1762 1402 Hummelianus
1793 1337 1931 1421 (H),
1983 1338 2235 1401 deinde
2285 1338 2790 1401 adhiberentur
2839 1337 3120 1401 codices
3169 1337 3404 1401 Mona-

632 1447 864 1510 censis
913 1446 1032 1527 (M)
1081 1456 1152 1509 et
1201 1446 1766 1524 Stuttgartiensis
1814 1446 1940 1528 (S),
1991 1445 2238 1509 tertius
2301 1445 2603 1525 denique
2653 1444 2848 1507 locus
2896 1444 3408 1508 concederetur

627 1554 975 1618 Vaticano
1043 1553 1123 1616 A.
1218 1554 1463 1634 Neque
1528 1553 1659 1634 ipsi
1725 1569 1851 1615 suo
1919 1552 2155 1616 libello
2222 1552 2431 1633 plura
2499 1552 2863 1632 praefatus
2934 1556 3041 1614 est
3109 1550 3405 1631 Holder3

628 1678 1117 1743 quaecumque
1190 1661 1274 1723 de
1344 1660 1482 1723 hac
1552 1678 1680 1722 sua
1749 1677 1941 1722 nova
2014 1659 2287 1722 ratione
2367 1658 2720 1737 disseruit,
2800 1658 3261 1721 inveniuntur
3339 1660 3407 1721 in

631 1767 1383 1833 communicationibus
1481 1765 1833 1829 Teubneri
1925 1766 2350 1847 bibliopolae
2446 1766 2608 1829 anni
2713 1770 2880 1831 1878
2973 1783 3041 1845 p.
3121 1771 3205 1831 45
3284 1784 3406 1847 sq.,

630 1875 747 1938 ubi
797 1874 1286 1955 comperimus,
1352 1873 1748 1954 repperisse
1805 1872 2211 1953 Holderum,
2265 1890 2534 1935 meram
2583 1871 2905 1936 codicum
2955 1870 3407 1936 Taciteorum

631 1982 1076 2045 traditionem
1130 1979 1627 2045 Germanicam
1678 1999 1832 2044 esse
1881 1990 1952 2043 et
2001 1981 2299 2062 pretium
2350 1980 2673 2044 codicum
2722 1980 3132 2043 Italicorum
3186 1999 3406 2062 usque

629 2089 720 2151 ad
769 2089 957 2151 hunc
1008 2088 1190 2150 diem
1242 2088 1445 2151 nimis
1495 2087 1976 2150 aestimatum:
2028 2086 2527 2152 Germanicam
2565 2105 2734 2150 vero
2778 2087 3231 2150 traditionem
3269 2106 3405 2151 ser-

629 2199 873 2258 vatam
922 2213 1074 2257 esse
1124 2213 1251 2275 per
1296 2194 1608 2258 codicem
1654 2194 2246 2270 Hummelianum,
2283 2213 2327 2257 a
2360 2212 2434 2257 se
2469 2213 2508 2258 e
2543 2199 2875 2274 quattuor
2909 2193 3407 2258 collationibus

632 2302 1059 2377 restitutum3
1112 2301 1627 2365 accuratiorem
1678 2301 1883 2364 huius
1932 2302 2030 2364 rei
2083 2301 2750 2364 demonstrationem
2791 2300 3298 2382 praestiturum
3333 2320 3406 2365 se

632 2427 785 2471 esse
836 2409 905 2470 in
956 2408 1134 2470 libro
1185 2408 1485 2488 quodam
1538 2418 1899 2490 separatO,
1952 2409 2063 2473 cui
2114 2409 2578 2489 inscripturus
2630 2414 2815 2471 esset
2872 2408 3407 2493 Teoetqesehz‘chte

629 2537 757 2579 ron
818 2515 1092 2578 Tacitus
1142 2514 1536 2578 Germania.
1637 2515 1774 2596 Qui
1825 2517 2001 2579 liber
2050 2520 2209 2579 cum
2259 2515 2395 2579 hoc
2452 2516 2565 2578 die
2623 2515 2931 2577 nondum
2992 2516 3405 2597 appa-ruerit

628 2640 856 2703 neque
907 2623 1054 2703 ipse
1103 2621 1369 2685 Holder
1418 2624 1555 2685 alio
1606 2623 1921 2703 quolibet
1979 2624 2133 2687 loco
2185 2623 2485 2704 amplius
2534 2623 2621 2686 de
2669 2622 3034 2686 sententiis
3082 2623 3226 2685 suis
3278 2622 3403 2684 dis·
3489 2662 3490 2713 3

627 2729 945 2810 seruerit,
996 2729 1137 2791 iam
1186 2748 1343 2792 eum
1389 2729 1725 2793 adeamus
1773 2748 2061 2794 necesse
2096 2730 2248 2810 erit,
2295 2730 2413 2812 qui
2448 2730 2586 2794 hac
2618 2729 2688 2791 in
2723 2747 2800 2793 re
2831 2727 3123 2792 Holderi
3158 2736 3403 2810 partes

627 2842 955 2918 suscepit,
1005 2836 1511 2900 Baehrensium
1563 2838 1741 2919 dic0,
1794 2838 1911 2918 qui
1955 2837 2280 2901 editionis
2320 2836 2797 2900 Holderianae
2843 2855 3215 2900 censuram
3264 2838 3407 2917 egit

629 2945 697 3006 in
774 2944 1148 3007 annalibus
1220 2943 1659 3007 Fleckeiseui
1737 2945 1904 3007 anni
1985 2950 2172 3024 1880,
2242 2963 2307 3025 p.
2377 2950 2504 3010 265
2571 2961 2743 3024 sqq„
2827 2943 2945 3024 qui
3021 2943 3189 3007 licet
3265 2960 3404 3005 non

628 3068 914 3132 prorsus
963 3068 1122 3114 cum
1172 3050 1480 3114 Holdero
1540 3052 1956 3130 consentiat,
2021 3057 2254 3114 tamen
2325 3051 2570 3114 eodem
2635 3051 2880 3113 nititur
2941 3050 3402 3113 fundamento

628 3159 936 3238 itemque
1008 3157 1156 3237 agit
1228 3158 1313 3220 de
1387 3157 1817 3222 Germanica
1894 3158 2200 3239 quadam
2274 3158 2651 3221 traditione
2725 3157 2946 3220 libelli
3017 3158 3237 3220 nostri
3312 3174 3400 3220 ex

628 3264 947 3328 Henochi
1011 3264 1424 3345 apographo
1492 3283 1625 3327 non
1686 3265 2076 3346 pendente:
2127 3265 2228 3328 ita
2277 3269 2351 3327 ut
2398 3265 2536 3329 hac
2582 3265 2654 3328 in
2702 3283 2780 3328 re
2827 3270 3203 3345 utramque
3252 3281 3402 3327 sen-

632 3372 923 3435 tentiam
972 3372 1099 3433 sub
1152 3389 1288 3433 uno
1339 3376 1721 3453 conspectu
1775 3372 2227 3435 considerare
2276 3372 2509 3436 liceat.
2583 3371 2717 3434 Hic
2767 3388 3046 3452 quoque
3094 3371 3401 3452 primum

526 3549 541 3562 ,
628 3481 859 3543 locum
909 3478 1151 3541 tribuit
1200 3478 1427 3542 codici
1475 3478 1559 3551 H,
1612 3479 1913 3541 alterum
1947 3496 2119 3541 vero
2163 3478 2524 3542 codicibus
2559 3477 2698 3549 OD,
2735 3497 2772 3540 e
2809 3495 3104 3558 quorum
3138 3494 3404 3558 genere

628 3586 1026 3666 exscriptus
1074 3585 1162 3648 sit
1213 3585 1439 3648 codex
1486 3611 1541 3671 y,
1593 3586 2059 3666 archetypum
2109 3603 2322 3648 manu
2371 3586 2711 3666 scriptum
2760 3584 3082 3648 codicum
3118 3584 3187 3646 M
3221 3589 3295 3648 et
3327 3584 3403 3648 S:

630 3692 813 3774 quod
891 3680 1355 3772 archetypum
1444 3692 1507 3753 in
1585 3692 1796 3754 Italia
1867 3692 2268 3755 confectum
2349 3697 2597 3772 postea
2676 3696 3160 3755 correcturam
3235 3690 3403 3755 Ger·
3485 3737 3486 3744 κ

628 3799 981 3862 manicam
1054 3816 1337 3878 passum
1409 3816 1592 3862 esse:
1665 3816 1886 3878 quare
1960 3798 2255 3862 alicuius
2325 3798 2532 3880 pretii
2604 3816 2756 3861 esse
2827 3798 2899 3860 in
2961 3797 3405 3862 restituenda

625 3905 1000 3968 traditione
1067 3904 1528 3969 Germanica:
1592 3905 1909 3986 sequitur
1961 3909 2052 3984 ut,
2103 3905 2435 3986 quoniam
2483 3931 2520 3991 y
2567 3909 2875 3968 aetatem
2937 3922 3076 3967 non
3139 3905 3403 3982 tulerit,

633 4012 1052 4094 apographa
1099 4013 1248 4075 cius
1296 4012 1361 4074 M
1414 4020 1484 4074 et
1531 4011 1575 4075 S
1628 4012 1989 4078 adeamus,

801 4155 936 4219 Sed
986 4174 1125 4218 non
1174 4155 1397 4218 solum
1446 4155 1749 4237 laudern,
1798 4173 2043 4218 verum
2093 4156 2307 4218 etiam
2356 4155 2865 4219 dubitationem
2913 4155 3135 4218 movit
3184 4155 3403 4219 editio

626 4262 935 4325 Holderi.
1031 4261 1324 4324 Rettulit
1371 4262 1552 4324 enim
1607 4262 1692 4324 de
1742 4281 1831 4324 ea
1863 4261 2312 4325 Woelfflinus
2362 4280 2639 4343 quoque
2689 4261 2756 4324 in
2807 4261 3133 4325 Bursiani
3184 4281 3404 4326 anna-

624 4370 805 4433 libus
863 4370 1026 4432 anni
1094 4375 1280 4448 1879,
1334 4370 1402 4432 II
1455 4388 1518 4450 p.
1573 4376 1700 4436 239
1752 4388 1854 4451 sq.
1948 4370 2179 4450 Atque
2229 4369 2305 4448 is,
2356 4369 2758 4450 praemissis
2807 4369 3162 4432 nonnullis
3211 4370 3399 4433 notis

628 4475 713 4539 de
764 4476 980 4556 ipsius
1029 4475 1293 4539 codicis
1340 4475 1817 4539 Hummeliani
1867 4475 2160 4538 historia
2206 4514 2296 4523 —
2343 4492 2551 4555 quem
2599 4475 2892 4556 periisse
2948 4478 3404 4556 suspicantur

518 4647 523 4652 ,
624 4583 757 4678 yiri
809 4582 995 4645 docti
1033 4621 1112 4629 —
1149 4582 1448 4663 primam
1500 4583 1784 4663 quidem
1834 4582 2340 4646 dubitationem
2389 4582 2628 4661 movit,
2679 4601 2845 4646 num
2895 4601 2971 4646 re
3006 4600 3185 4645 vera
3216 4582 3403 4647 bene
3481 4645 3482 4650 ,

624 4689 1064 4753 constituerit
1132 4688 1399 4752 Holder
1469 4694 1739 4752 textum
1814 4688 2077 4753 codicis
2148 4687 2242 4751 H:
2315 4706 2543 4770 neque
2614 4689 2808 4770 prius
2880 4689 2966 4753 de
3038 4693 3191 4752 tota
3260 4689 3403 4755 hac
3477 4761 3480 4780 ⁴

623 4794 1033 4878 quaestione
1083 4796 1476 4860 traditionis
1525 4796 1891 4861 cuiusdam
1926 4795 2395 4860 Germanicae
2447 4796 2667 4859 libelli
2697 4794 2969 4860 Tacitei
3020 4796 3138 4876 agi
3187 4813 3399 4877 posse

625 4903 1005 4982 contendit,
1072 4922 1284 4985 quam
1348 4903 1577 4966 denuo
1641 4902 2153 4966 reconcinnata
2216 4902 2304 4965 sit
2367 4902 2630 4966 codicis
2676 4902 2741 4965 H
2789 4902 3132 4966 memoria
3180 4907 3400 4984 atque
3479 4903 3480 4930 ff
