3509 5600
1249 381 1691 442 -45—

261 572 564 636 Reiectis
611 573 713 635 ita
760 571 1029 635 duobus
1078 571 1215 634 illis
1248 571 1659 635 Baehrensii
1709 573 2163 651 argumentiS,
2213 572 2465 653 quibus
2515 572 2859 652 originem

16 686 17 769 J
115 679 583 744 Germanicam
633 678 897 744 codicis
943 677 1418 741 Hummeliani
1463 678 1930 742 demonstrari
1972 680 2454 760 contenderat,
2497 678 2675 741 nihil
2716 679 2860 741 iam

16 818 17 825 1
112 787 403 868 impedit,
484 786 853 867 quominus
932 785 1248 850 codicem
1341 790 1654 848 nostrum
1733 804 1823 849 ex
1902 786 2316 867 apographo
2395 786 2858 850 Henochiano

114 894 394 976 pendere
443 886 820 956 sumamus.
909 892 1153 973 Neque
1212 892 1597 973 quicquam
1652 892 1818 957 huic
1873 894 2265 956 sententiae
2313 893 2522 956 video
2583 899 2857 958 contra-

114 1001 342 1064 dicere.
436 1001 669 1079 Atque
717 998 788 1061 id
850 999 1078 1080 ipsum
1139 998 1588 1062 statuendum
1653 1000 1804 1079 erit,
1866 1000 2152 1080 longam
2217 1000 2542 1066 codicum
2602 1000 2860 1062 seriem

112 1107 524 1171 intercedere
588 1106 772 1169 inter
834 1106 1324 1187 apographum
1388 1105 1562 1168 illud
1624 1113 1695 1169 et
1742 1106 2061 1171 codicem
2107 1107 2191 1188 H,
2243 1114 2312 1171 et
2360 1107 2616 1170 multos
2666 1106 2858 1168 viros

116 1213 329 1277 doctos
375 1212 484 1275 his
535 1212 894 1276 codicibus
944 1213 1547 1277 intercedentibus
1596 1232 1887 1295 operam
1945 1232 2247 1277 navasse
2296 1212 2737 1277 emendando
2788 1216 2859 1275 et

115 1319 537 1399 corrigendo:
588 1320 688 1382 ita
720 1324 796 1382 ut
836 1319 1062 1401 primo
1096 1321 1343 1383 obtutu
1376 1319 1441 1383 H
1473 1320 1542 1382 in
1579 1321 2172 1401 praestantiorum
2206 1338 2574 1384 numerum
2611 1319 2859 1384 referri

115 1444 293 1507 posse
339 1426 721 1490 videretur.
795 1426 1308 1507 Interpolatum
1358 1432 1596 1490 autem
1642 1446 1796 1491 esse
1845 1427 2159 1491 codicem
2210 1433 2521 1491 nostrum
2574 1426 2860 1508 saepius

113 1533 496 1613 monuimUS,
532 1536 603 1595 et
635 1532 1147 1597 emendationis
1179 1538 1395 1596 testes
1421 1540 1583 1596 sunt
1607 1534 1894 1597 nomina
1917 1534 2041 1597 illa
2065 1533 2353 1615 propria
2379 1534 2449 1596 in
2475 1534 2860 1613 genuinam

115 1639 383 1702 formam
441 1639 769 1702 restituta
818 1639 1180 1721 (Abnobae,
1229 1639 1497 1721 Nervii,
1563 1641 1770 1721 Ubii).
1848 1642 1939 1703 At
1989 1641 2304 1704 codicem
2354 1640 2859 1721 interpolatum

114 1749 173 1808 et
230 1745 675 1809 emendatum
740 1764 868 1827 pro
935 1747 1395 1810 fundamento
1471 1748 1643 1810 artis
1719 1747 2012 1813 criticae
2078 1747 2522 1812 exercendae
2590 1746 2858 1809 habere

115 1853 445 1916 nolumus:
498 1871 719 1934 quare
767 1852 1154 1916 Holderum
1203 1859 1272 1917 et
1329 1854 1838 1917 Baehrensium
1899 1872 2039 1917 non
2104 1856 2283 1918 bene
2344 1854 2597 1918 fecisse
2659 1857 2859 1934 puta-

115 1959 332 2039 bimuS,
367 1959 557 2039 quod
590 1959 872 2022 inverso
915 1960 1239 2024 codicum
1282 1961 1528 2023 ordine
1573 1960 1798 2026 codici
1833 1961 1899 2024 H
1939 1961 2239 2042 primum
2283 1961 2516 2024 locum
2558 1961 2627 2022 in
2663 1960 2858 2023 resti-

116 2065 344 2128 tuendo
396 2064 823 2130 Germaniae
871 2070 1070 2129 textu
1132 2068 1588 2132 tribuerunt.'
1643 2067 1780 2131 Sed
1847 2073 2015 2149 quot
2079 2068 2417 2131 lectiones
2480 2066 2744 2131 codicis
2791 2065 2859 2129 H

16 2200 19 2259 [
113 2173 405 2252 proprias
449 2177 519 2235 et
554 2191 598 2236 a
630 2172 932 2238 lectione
967 2174 1265 2253 vulgata
1305 2174 1596 2254 gravius
1634 2173 2125 2255 ‘discrepantes
2166 2175 2236 2236 in
2282 2179 2552 2237 textum
2586 2173 2858 2254 recepit

114 2276 391 2341 Holder?
484 2278 998 2343 Perlustremus
1047 2299 1169 2343 eas
1217 2281 1559 2344 breviter:
1621 2282 1924 2361 primum
1980 2289 2141 2343 sunt
2197 2283 2335 2343 tria
2390 2281 2515 2343 illa
2572 2281 2859 2343 nomina

113 2386 371 2466 propria
416 2425 503 2433 —
553 2391 868 2450 ceterum
914 2387 1056 2450 iam
1104 2387 1366 2450 dudum
1413 2389 1724 2450 virorum
1760 2387 2125 2451 doctorum
2158 2388 2571 2451 coniectura
2603 2392 2861 2451 sanata

112 2529 186 2538 —
218 2492 461 2555 deinde
511 2511 725 2556 unam
773 2495 1254 2557 coniecturam
1302 2494 1565 2558 codicis
1611 2494 1695 2576 H,
1747 2512 1958 2576 quam
2008 2512 2138 2574 ego
2190 2512 2468 2575 quoque
2517 2495 2860 2575 recipiam

115 2596 285 2678 (1114
343 2600 935 2683 conditoremque),
994 2604 1141 2662 tum
1203 2604 1344 2664 tres
1410 2602 1606 2682 aliaS,
1672 2618 1855 2682 quae
1912 2601 2080 2664 mihi
2137 2601 2328 2664 haud
2389 2602 2488 2663 ita
2535 2602 2856 2681 placent:

114 2702 173 2764 id
213 2704 389 2784 quod
432 2705 575 2768 iam
625 2724 841 2787 supra
883 2706 1138 2786 monui,
1185 2706 1271 2770 de
1324 2707 1443 2771 119
1507 2708 1641 2770 ‘nisi
1689 2708 1817 2771 sibi
1876 2726 1941 2788 p.
1986 2713 2090 2788 41,
2137 2708 2222 2771 de
2264 2708 2462 2771 11113
2515 2708 2860 2771 incolatur

114 2814 172 2872 et
233 2811 517 2876 XVIII5
604 2814 908 2877 ambiunt
980 2832 1048 2895 p.
1112 2820 1215 2881 37.
1329 2813 1524 2894 Quas
1598 2815 1936 2879 lectiones
2011 2815 2273 2879 codicis
2339 2814 2404 2878 H
2480 2825 2860 2896 praeterea

116 2916 558 2982 Baehrensius
605 2919 678 2981 in
726 2925 995 2983 textum
1034 2922 1388 2984 relaturus
1430 2921 1582 3001 fuit,
1627 2940 1748 2984 eas
1800 2922 1939 2984 iam
1990 2922 2238 2985 missas
2280 2922 2644 3001 faciamuS,
2690 2923 2859 3002 quia

115 3022 223 3086 has
277 3026 620 3105 genuinas
677 3045 814 3089 non
865 3046 1017 3091 esse
1066 3046 1194 3109 per
1241 3046 1315 3091 se
1366 3031 1581 3108 patet.
1676 3027 1783 3090 De
1845 3028 2283 3109 lectionibuS,
2352 3047 2528 3109 quas
2589 3027 2857 3091 Holder

115 3129 175 3191 in
216 3131 508 3195 alteram
565 3133 942 3197 editionem
993 3133 1419 3199 Germaniae
1470 3133 2262 3216 (Freiburg-Tubingen
2319 3140 2511 3215 1882)
2562 3136 2853 3216 recepit,

118 3238 409 3301 conferas
444 3257 817 3304 censuram
850 3260 894 3304 a
924 3240 1398 3305 Helmreichio
1433 3241 1499 3303 in
1536 3241 1859 3309 Bursiani
1902 3242 2276 3304 annalibus
2315 3247 2483 3307 1884
2516 3242 2584 3304 Π
2624 3260 2690 3323 p.
2734 3247 2857 3308 129

120 3347 339 3409 actam.

265 3450 368 3515 Ex
416 3452 501 3514 iis
550 3470 733 3533 quae
791 3452 994 3515 attuli
1052 3453 1222 3516 satis
1283 3454 1451 3516 mihi
1501 3472 1865 3535 apparere
1915 3455 2214 3536 videtur,
2278 3473 2492 3536 quam
2552 3473 2859 3536 parvum

121 3552 356 3620 lucrum
392 3576 431 3621 e
474 3557 893 3623 lectionibus
936 3559 1200 3623 codicis
1241 3559 1716 3624 Hummeliani
1756 3562 2060 3642 propriis
2108 3563 2617 3643 percipiamus:
2670 3561 2857 3643 quod

122 3678 253 3725 cum
296 3664 396 3728 ita
444 3665 552 3746 sit,
604 3665 826 3730 codici
878 3665 1371 3730 Hummeliano
1416 3667 1695 3729 omnino
1737 3668 2009 3732 nullum
2039 3708 2128 3716 —
2161 3669 2438 3750 nedum,
2485 3673 2560 3732 ut
2591 3668 2860 3731 Holder

123 3772 179 3828 et
223 3759 685 3835 Baehrensius
740 3765 1044 3853 primum
1090 3813 1176 3821 —
1236 3773 1468 3837 locum
1536 3774 1603 3837 in
1672 3774 2111 3839 recensenda
2177 3775 2406 3840 Taciti
2474 3775 2861 3840 Germania

123 3878 496 3944 concedam.
