3509 5600
1267 374 1711 435 —75—

129 564 395 645 corrigit
451 566 520 628 in
581 566 955 630 lectionem
1014 565 1406 644 vulgatam,
1474 564 1590 628 ubi
1654 564 2040 651 quemlibet
2103 564 2420 628 codicem
2483 564 2880 628 traditionis

128 671 309 734 huius
356 673 554 736 adire
604 673 828 754 potuit
875 673 986 755 V„
1037 689 1337 755 eamque
1386 672 1474 735 ob
1523 688 1671 734 rem
1721 670 1935 734 etiam
1993 689 2194 734 suum
2253 670 2749 753 archetypum:
2808 671 2882 734 hi

130 779 249 843 loci
292 779 361 841 in
411 780 644 844 indice
693 786 931 843 nostro
980 798 1062 843 eo
1112 779 1446 856 cognosci
1494 783 1804 860 possunt,
1850 778 2037 859 quod
2080 778 2163 841 iis
2205 778 2554 842 consentit
2588 778 2673 862 V2
2719 796 2880 842 cum

129 885 409 949 lectione
458 887 778 965 vulgata,
827 886 1024 949 nulla
1072 886 1415 949 adnotata
1462 885 1861 948 differentia
1907 885 2090 947 inter
2141 885 2329 966 ipsos
2377 886 2696 965 vulgaris
2743 890 2882 948 tra-

130 993 387 1056 ditionis
439 993 721 1058 codices
773 995 1140 1057 existente.
1230 997 1516 1056 Restant
1569 992 1872 1074 denique
1926 1011 2055 1055 eae
2109 992 2466 1071 lectioneS,
2511 992 2581 1054 in
2627 993 2878 1073 quibus

130 1100 292 1163 inter
332 1119 406 1163 se
443 1100 851 1182 discrepant
893 1100 1175 1164 codices
1219 1099 1513 1179 vulgati,
1558 1103 1628 1162 et
1663 1097 1748 1181 V2
1795 1099 2002 1161 modo
2046 1098 2181 1162 hoc
2214 1098 2418 1160 modo
2451 1098 2624 1160 illud
2658 1116 2881 1179 genus

131 1208 445 1288 sequitur,
512 1207 698 1289 quod
760 1209 1027 1271 factum
1087 1225 1240 1270 esse
1291 1205 1675 1270 secundum
1726 1205 1991 1269 codicis
2040 1204 2336 1268 alicuius
2384 1206 2880 1269 auctoritatem

130 1318 429 1396 apparet,
475 1314 593 1395 qui
637 1319 706 1377 et
749 1316 896 1395 ipse
931 1314 1137 1376 modo
1174 1313 1292 1376 AB
1326 1312 1532 1376 modo
1568 1311 1686 1377 CD
1730 1312 2053 1376 codicum
2098 1311 2436 1375 lectiones
2479 1312 2881 1375 exhibebat.

131 1419 315 1500 Quod
362 1422 464 1484 ita
512 1421 724 1484 fuisse
773 1422 840 1483 in
893 1422 1137 1485 codice
1185 1418 1251 1482 H
1308 1437 1522 1500 supra
1570 1424 1661 1500 (p.
1698 1424 1809 1499 43)
1859 1417 2529 1481 demonstravimus:
2580 1436 2880 1500 cumque

130 1527 449 1591 lectiones
507 1528 602 1591 ibi
661 1529 924 1590 allatae
991 1545 1253 1607 magna
1319 1545 1410 1589 ex
1476 1531 1678 1607 parte
1745 1525 1960 1588 etiam
2031 1525 2098 1586 in
2167 1524 2412 1587 codice
2469 1523 2530 1586 V
2581 1529 2881 1604 exstent,

131 1652 385 1697 sumere
450 1635 853 1716 poterimuS,
917 1636 1132 1697 etiam
1194 1632 1659 1713 archetypum
1717 1631 2043 1695 codicum
2101 1629 2162 1692 H
2213 1637 2282 1693 et
2331 1629 2390 1691 V
2440 1630 2759 1693 variasse
2807 1630 2879 1693 in

133 1741 458 1820 eligendis
524 1746 647 1804 aut
704 1741 820 1804 AB
880 1745 1002 1803 aut
1061 1739 1179 1806 OD
1244 1740 1565 1804 codicum
1633 1738 2089 1802 lectionibus:
2158 1755 2378 1818 quare
2446 1755 2667 1800 causa
2741 1755 2880 1799 non

133 1852 242 1926 est,
304 1866 431 1912 cur
495 1849 624 1910 has
687 1849 1050 1926 lectioneS,
1102 1866 1277 1929 quas
1326 1846 1412 1930 V2
1463 1846 1670 1909 modo
1728 1864 1819 1909 ex
1867 1846 1986 1909 AB
2045 1845 2251 1908 modo
2309 1863 2399 1907 ex
2449 1843 2569 1909 OD
2619 1863 2882 1924 genere

131 1955 327 2036 eligit,
386 1974 477 2017 ex
534 1974 617 2018 eo
676 1962 867 2018 ortas
917 1973 1055 2017 non
1115 1972 1267 2017 esse
1326 1953 1865 2030 contendamus3
1930 1970 2232 2033 cunique
2303 1951 2383 2014 iis
2443 1952 2883 2033 lectionibuS,

34 2110 43 2119 .
132 2061 362 2141 quibus
396 2061 484 2144 V2
537 2062 885 2126 consentit
936 2080 1096 2125 cum
1145 2060 1229 2141 H,
1281 2078 1639 2141 cogamur,
1691 2069 1766 2122 ut
1812 2058 1899 2141 V,
1955 2058 2338 2122 correctori
2391 2076 2588 2121 usum
2641 2057 2884 2123 arche-

132 2170 263 2250 typi
323 2170 510 2232 illius
573 2169 1032 2246 vindicemus,
1100 2169 1409 2249 reliquas
1480 2186 1758 2249 quoque
1823 2175 2288 2245 correcturaS,
2353 2166 2585 2246 quoad
2650 2183 2788 2227 non
2845 2183 2884 2228 e

132 2293 238 2338 suo
302 2277 585 2357 ingenio
652 2295 774 2340 eas
831 2276 1292 2357 interpolavit
1334 2275 1453 2358 V„
1512 2293 1601 2338 ex
1658 2275 1794 2338 hoc
1851 2277 2242 2354 archetypo
2304 2278 2665 2353 profectas
2732 2289 2885 2335 esse

133 2384 652 2453 autumabimus.

287 2490 396 2552 Ex
444 2490 528 2552 iis
579 2508 762 2572 quae
812 2490 1034 2570 attuli,
1079 2489 1250 2553 satis
1291 2489 1459 2551 mihi
1504 2506 1853 2570 apparere
1897 2487 2197 2566 videtur,
2232 2485 2578 2567 quomodo
2615 2485 2882 2549 factum

32 2642 33 2645 η
133 2595 225 2677 sit,
273 2600 345 2659 ut
392 2597 674 2677 saepius
723 2604 1121 2677 congruant
1168 2595 1233 2658 H
1282 2601 1352 2658 et
1394 2594 1512 2678 V„
1562 2595 1624 2659 V
1671 2601 1742 2657 et
1790 2594 1912 2677 ΗΞ,
1965 2593 2272 2675 quidque
2334 2592 2497 2655 inde
2557 2592 2644 2654 de
2703 2609 2881 2655 com-

134 2704 302 2765 muni
361 2703 666 2784 quodam
724 2703 1115 2784 archetypo
1174 2703 1464 2783 eiusque
1512 2701 1933 2765 lectionibus
1982 2700 2397 2763 innotescat.
2492 2697 2758 2777 Restat,
2810 2702 2885 2760 ut

32 2807 35 2876 ἵ
134 2809 256 2873 iam
316 2811 628 2892 reliquas
690 2811 1031 2876 lectiones
1093 2810 1414 2875 codicum
1476 2808 1537 2872 H
1595 2813 1664 2872 et
1713 2808 1776 2870 V
1824 2808 2366 2887 consideremuS,
2418 2806 2652 2887 quoad
2701 2806 2884 2868 inter

32 2903 33 2984 s
133 2934 195 2980 se
253 2918 599 2998 differunt,
663 2923 734 2981 et
789 2917 1178 2998 videamuS,
1237 2934 1403 2978 num
1462 2916 1815 2979 dissensus
1864 2933 2106 2978 eorum
2157 2914 2318 2977 talis
2365 2912 2472 2993 sit,
2525 2911 2755 2994 qualis
2810 2911 2882 2974 in

134 3021 381 3088 duobus
424 3025 784 3089 codicibus
818 3043 909 3088 ex
953 3042 1088 3086 uno
1133 3023 1521 3104 eodemque
1562 3026 1755 3085 fonte
1802 3022 2141 3085 derivatis
2172 3019 2512 3086 exsistere
2546 3022 2879 3099 nequeat.

134 3128 378 3210 Quodsi
452 3131 753 3195 facimus
819 3138 889 3194 et
956 3130 1260 3194 leviores
1332 3129 1846 3210 discrepantias
1916 3127 2270 3192 scribendi
2340 3126 2614 3189 ratione
2691 3128 2883 3188 ortas

32 3313 33 3322 ἵ
133 3238 549 3319 neglegimus
581 3256 811 3319 neque
838 3256 1108 3319 paucas
1134 3237 1294 3299 illas
1320 3237 1762 3317 corruptelas
1787 3235 1859 3297 in
1887 3235 2112 3298 altero
2138 3238 2295 3296 utro
2329 3232 2575 3297 codice
2612 3232 2884 3295 librarii

133 3344 327 3426 culpa
371 3349 733 3409 exstantes
781 3363 1131 3425 curamus,
1191 3343 1573 3406 nonnullae
1631 3342 1972 3406 lectiones
2034 3345 2323 3422 restant,
2389 3357 2689 3421 quarum
2755 3339 2885 3402 dis-

132 3467 357 3515 sensus
418 3452 522 3515 ita
586 3451 1055 3533 explicandus
1122 3455 1247 3531 est,
1316 3454 1389 3512 ut
1460 3449 1639 3512 alter
1710 3449 1939 3513 codex
2009 3448 2432 3528 scripturam
2507 3446 2884 3527 archetypi

118 3557 320 3621 'aliter
363 3558 796 3622 intellexerit
844 3561 1058 3639 atque
1107 3557 1308 3619 alter.
1404 3554 1614 3618 Tales
1661 3554 2003 3620 lectiones
2054 3562 2244 3617 sunt:

459 3734 628 3817 Cap.
723 3735 887 3798 1112
983 3740 1039 3797 H
1071 3739 1358 3797 vistonem
1846 3737 1903 3795 V
1935 3738 2218 3795 bistonem

1073 3846 1394 3903 wisconem
1925 3843 2240 3901 tufistmeem

808 3955 886 4012 13
1070 3972 1366 4011 mannum
1930 3951 2233 4008 mannum

692 4055 796 4119 III
814 4062 844 4119 1
855 4063 892 4118 4
1077 4060 1344 4118 lacunam
1390 4058 1628 4132 indicat,

1073 4166 1295 4225 Graeca
1340 4184 1457 4224 non
1502 4182 1714 4224 curans
1922 4111 2308 4176 oncnvpycov

483 4270 793 4333 XXXIV
854 4277 883 4333 1
1072 4273 1373 4332 dulcubini
1925 4271 2246 4328 dulcubuni

448 4377 793 4440 XXXVII
851 4385 888 4442 8
1072 4400 1269 4439 consu.
1928 4397 2114 4436 cons-3.

667 4483 794 4547 XL
858 4493 893 4548 5
1076 4463 1383 4546 withoncs
1929 4484 2253 4542 'nurthones

560 4588 789 4653 XLIII
805 4597 842 4654 3
853 4597 882 4653 1
1075 4595 1316 4670 lemonij
1928 4591 2160 4666 lemovij

290 4767 372 4829 In
418 4768 526 4831 his
576 4767 897 4832 omnibus
945 4768 1342 4849 scripturae
1392 4767 1662 4847 ductuS,
1698 4782 1890 4847 ‘quas
1945 4763 2345 4827 exhibuerit
2393 4762 2884 4844 archetypum,

132 4875 518 4955 perspicere
567 4875 803 4939 adhuc
849 4893 1241 4956 possumus,
1335 4872 1704 4938 Difficilior
1748 4890 1863 4936 res
1910 4876 2018 4935 est
2063 4871 2134 4933 in
2183 4869 2678 4951 sequentibus:

2580 4996 2679 5046 10*
