3509 5600
1244 389 1685 451 ..π-3,-

256 580 616 645 Habemus
677 580 916 660 itaque
978 577 1260 643 codices
1318 582 1592 641 nostros
1639 582 1711 641 et
1758 585 2011 641 contra
2057 578 2434 641 lectionem
2481 579 2851 659 vulgatam

116 689 603 754 consentientes
652 691 723 750 et
770 685 1017 749 iisdem
1078 685 1254 748 locis
1311 683 1731 766 corruptelis
1794 683 2237 748 laborantes:
2301 702 2484 766 quae
2549 704 2662 750 res
2725 705 2854 749 nos

116 795 460 874 adducunt,
506 805 582 856 ut
623 810 742 858 eos
786 809 877 855 ex
921 810 1058 854 uno
1101 791 1489 871 eodemque
1539 790 1930 871 archetypo
1981 789 2370 873 descriptos
2413 811 2565 857 esse
2600 794 2854 859 iudice-

117 921 269 966 mus:
334 900 681 982 siquidem
746 920 875 965 eae
945 900 1302 980 lectiones,
1369 900 1620 981 quibus
1686 900 1871 961 inter
1935 918 2009 963 se
2075 899 2481 982 discrepant
2542 901 2607 964 H
2664 908 2735 966 et
2774 903 2857 983 V,

117 1025 396 1090 quasque
447 1007 756 1070 nondum
807 1007 1186 1088 attigimus,
1238 1007 1417 1069 tales
1459 1024 1597 1069 non
1641 1011 1823 1086 sunt,
1868 1006 2114 1087 quales
2156 1007 2225 1069 in
2269 1026 2484 1071 unum
2527 1009 2853 1092 idemque

118 1115 551 1196 archetypum
593 1116 860 1178 referre
905 1131 1041 1176 non
1088 1113 1321 1177 liceat.
1372 1112 1604 1193 Atque
1646 1112 1787 1176 iam
1822 1112 1909 1175 de
1942 1113 2051 1176 his
2082 1113 2257 1176 locis
2291 1113 2856 1196 discrepantibus

117 1241 375 1304 agamus
425 1222 767 1303 nobisque
815 1239 1194 1300 sumamus,
1248 1228 1321 1282 ut
1363 1220 1489 1283 hos
1531 1238 1569 1283 e
1613 1221 2027 1284 coniectura
2073 1225 2316 1283 nostra
2365 1221 2451 1284 de
2500 1225 2855 1286 communi

117 1330 387 1412 quodam
437 1329 827 1410 archetypo
879 1327 1241 1410 explicare
1292 1344 1646 1391 conemur.

260 1456 489 1536 Atque
524 1456 593 1517 in
629 1454 735 1517 his
768 1430 1188 1518 lectionibus
1223 1452 1793 1515 dissentientibus
1825 1451 2166 1533 imprimis
2201 1452 2500 1516 difficilis
2534 1455 2853 1534 quaestio

118 1568 196 1624 est
239 1562 321 1625 de
369 1561 453 1626 iis
501 1562 694 1641 locis,
745 1561 998 1642 quibus
1046 1559 1111 1622 H
1167 1565 1238 1623 et
1286 1558 1346 1622 V
1395 1559 1716 1640 primitus
1782 1577 1922 1621 non
1989 1559 2454 1639 consentiunt,
2519 1560 2644 1624 sed
2707 1580 2853 1626 cor-

119 1673 367 1733 rectura
430 1669 673 1750 aliqua
730 1673 852 1731 aut
908 1668 979 1730 in
1038 1666 1285 1731 codice
1333 1665 1398 1728 H
1456 1674 1579 1730 aut
1634 1667 1703 1729 in
1768 1666 2013 1730 codice
2062 1666 2122 1729 V
2172 1685 2215 1728 a
2271 1666 2587 1731 secunda
2640 1686 2855 1732 manu

119 1775 281 1839 facta
343 1777 413 1838 in
483 1793 899 1839 consensum
967 1773 1206 1838 vocati
1273 1778 1452 1838 sunt.
1566 1773 1769 1854 Quae
1835 1791 1948 1836 res
2014 1773 2281 1836 nullam
2348 1773 2856 1838 dubitationem

117 1888 419 1962 moveret,
463 1883 518 1946 si
564 1883 744 1945 alter
787 1886 1062 1945 tantum
1095 1881 1323 1946 codex
1356 1881 1456 1944 ita
1488 1886 1850 1944 correctus
1884 1888 2088 1960 esset,
2125 1884 2199 1942 ut
2231 1880 2411 1944 haec
2445 1889 2857 1946 correctura

40 2070 41 2073 Ἴ
119 1990 362 2070 saepius
427 2008 587 2054 curn
651 1990 876 2053 altero
942 1988 1188 2053 codice
1252 1987 1714 2052 consentiret:
1780 1992 1924 2049 tum
1974 2005 2407 2050 sumeremus
2463 1986 2652 2052 hanc
2707 2006 2855 2052 cor-

118 2101 437 2160 recturam
472 2097 563 2159 ad
595 2096 804 2160 fidem
847 2096 1219 2177 archetypi
1261 2096 1529 2160 factam
1571 2114 1744 2158 esse.
1809 2094 1944 2158 Sed
1991 2102 2284 2176 uterque
2327 2099 2434 2158 est
2472 2101 2854 2178 correctuS,

120 2220 311 2284 neque
358 2203 610 2267 eodem
655 2221 935 2284 semper
984 2204 1161 2283 loco,
1218 2203 1429 2265 immo
1487 2202 1770 2282 saepius
1830 2203 2012 2264 alter
2068 2202 2223 2282 hoc,
2275 2202 2454 2265 alter
2505 2202 2624 2264 illo
2676 2203 2855 2268 loc0.

121 2307 201 2372 De
241 2309 374 2374 hac
423 2315 659 2373 autem
707 2329 784 2374 re
834 2311 1115 2374 omnino
1164 2328 1291 2373 nos
1338 2309 1656 2373 iudicare
1704 2327 1908 2390 posse
1959 2327 2098 2371 non
2149 2314 2338 2390 put0,
2389 2309 2519 2372 nisi
2572 2316 2738 2374 ante
2785 2311 2853 2373 in

120 2414 388 2480 indolem
456 2423 937 2481 correctorum
1007 2417 1331 2482 codicum
1395 2416 1462 2479 H
1528 2424 1596 2480 et
1653 2416 1713 2478 V
1772 2415 2361 2496 inquisiverimuS.
2466 2416 2702 2498 Atque
2770 2417 2857 2481 de

40 2538 41 2541 ’
121 2523 326 2587 codice
368 2524 434 2587 H
483 2523 671 2588 hanc
718 2525 1206 2605 quaestionem
1259 2525 1396 2587 iam
1445 2541 1663 2605 supra
1709 2527 1801 2604 (p.
1849 2527 1957 2601 34)
2007 2522 2285 2585 solvere
2334 2528 2631 2586 conatus
2683 2542 2858 2604 sum,

38 2630 41 2709 j
120 2645 247 2691 cum
284 2629 346 2692 H
394 2630 624 2711 ipsum
672 2630 1090 2712 plerumque
1149 2649 1238 2694 ex
1296 2631 1685 2711 archetypo
1750 2629 2165 2706 correxisse,
2231 2629 2581 2692 interdum
2643 2631 2858 2693 etiam

38 2722 39 2725 '
119 2751 216 2798 suo
258 2735 480 2801 Marte
544 2755 868 2819 novasse,
920 2737 1010 2822 Η2
1062 2755 1234 2802 vero
1292 2736 1642 2801 interdum
1705 2736 2251 2818 interpolantem
2302 2755 2340 2800 e
2389 2736 2634 2802 codice
2695 2755 2857 2819 quo-

38 2915 39 2918 *
119 2840 250 2906 dam
279 2845 619 2924 vulgatae
667 2845 1063 2908 traditionis
1106 2845 1561 2925 exscripsisse
1593 2845 2115 2908 contenderem.
2168 2843 2398 2924 Quam
2431 2845 2857 2907 sententiam

119 2948 162 3010 si
200 2952 556 3017 referimus
604 2953 695 3015 ad
753 2952 1236 3016 coniecturam
1296 2957 1608 3015 nostram
1676 2952 1763 3015 de
1827 2952 2178 3015 communi
2241 2951 2541 3032 quodam
2614 2951 2858 3015 arche-

119 3061 255 3138 typo
298 3060 624 3125 codicum
671 3058 736 3121 H
784 3062 855 3122 et
905 3058 986 3140 V,
1036 3060 1492 3139 monebimus,
1542 3077 1691 3122 rem
1738 3060 1841 3121 ita
1888 3077 1963 3121 se
2013 3058 2299 3139 habere,
2363 3062 2439 3120 ut
2486 3076 2574 3121 ea
2622 3059 2856 3140 lectio,

121 3179 269 3242 quae
310 3167 383 3230 in
432 3167 680 3231 codice
713 3166 776 3229 V
807 3167 1159 3231 consentit
1206 3185 1367 3231 cum
1414 3166 1565 3248 ipso
1613 3165 1678 3228 H
1726 3167 2148 3245 corrigente,
2198 3165 2337 3228 iam
2388 3166 2738 3228 exstiterit
2786 3166 2852 3228 in

38 3309 39 3356 3
120 3269 214 3333 illo
267 3273 684 3355 archetyp03
750 3273 869 3337 ubi
929 3292 1098 3337 vero
1163 3291 1321 3338 cum
1379 3272 1468 3356 H,
1530 3273 1881 3336 consentit
1929 3273 2008 3350 V,
2067 3272 2442 3335 lectionem
2491 3271 2855 3352 habemuS,

122 3392 294 3455 quam
340 3380 408 3443 H
454 3398 726 3445 novare
774 3381 1060 3462 studuit,
1110 3398 1465 3462 quamque
1513 3385 1873 3443 corrector
1932 3379 2023 3441 ad
2079 3378 2289 3441 fidem
2336 3379 2660 3442 lectionis
2709 3380 2859 3441 vul-

38 3477 39 3518 ἴ
122 3489 295 3562 gatae
341 3489 734 3552 revocavit.

266 3609 734 3676 Transeamus
766 3612 908 3676 iam
944 3611 1035 3675 ad
1069 3610 1384 3676 codicem
1413 3609 1494 3691 V,
1529 3610 1649 3691 qui
1681 3617 1968 3690 praeter
2001 3609 2376 3672 nonnullas
2410 3614 2858 3673 correcturas

123 3713 174 3776 in
214 3717 353 3798 ipso
401 3719 775 3783 scribendo
825 3739 870 3783 a
919 3718 1206 3782 librario
1255 3717 1486 3780 factas
1528 3722 1598 3780 et
1639 3717 2016 3779 nonnullas
2049 3716 2290 3779 varias
2331 3716 2673 3780 lectiones
2715 3717 2857 3779 iam

123 3820 176 3884 in
218 3826 595 3908 archetypo
644 3830 1004 3891 exstantes
1053 3830 1538 3890 correcturam
1586 3824 1992 3888 continuam
2041 3841 2291 3904 passus
2341 3828 2446 3886 est
2492 3824 2584 3886 ab
2629 3823 2859 3885 altera

123 3943 303 3994 manu
333 3932 493 4017 (V2),
538 3934 736 3998 cuius
783 3933 1093 3996 indolem
1134 3940 1211 3995 ut
1254 3949 1664 4011 cognoscaS,
1708 3929 1899 4011 ipsas
1944 3934 2388 3993 correcturas
2431 3928 2855 3994 consideres,

362 4127 530 4211 Cap.
772 4128 1016 4192 Lectio
1066 4127 1366 4207 vulgata
1786 4124 1848 4187 V
1884 4130 1964 4206 -4-
2001 4124 2087 4207 V2

409 4254 441 4317 I
498 4262 534 4319 6
673 4260 883 4318 bellum
1645 4255 2000 4332 reqnum,V2
2055 4255 2265 4312 bellum

345 4361 443 4424 ῙῙῙ
460 4368 538 4425 14
673 4364 1062 4441 Ἀσκιπὺργιον
1645 4362 2034 4438 ,Ἀσκιπὺργιον
2079 4382 2266 4434 aram,
2303 4362 2380 4439 V2
2423 4361 2862 4436 aschiburqiu‘m

453 4476 530 4534 15
667 4479 952 4550 repertam
1646 4476 1888 4547 reperta,
1916 4470 1996 4548 V2
2046 4475 2332 4546 repertam

348 4574 441 4639 IV
498 4585 535 4641 5
674 4587 977 4657 tamquam
997 4580 1119 4652 OD,
1139 4578 1614 4655 quamquamAB
1654 4583 1957 4653 tanquam,
1986 4577 2064 4655 V2
2117 4596 2478 4653 quamquam

499 4691 533 4748 6
670 4687 851 4746 cerulei
879 4686 1002 4759 AB,
1049 4685 1259 4744 cerulei
1289 4685 1389 4744 OD
1656 4685 1892 4757 meruli,
1916 4685 1995 4762 V2
2047 4685 2255 4743 cerulei

496 4797 531 4854 9
666 4794 930 4852 inediam
1647 4793 1847 4851 inedia
1892 4793 1980 4864 m,
2014 4792 2094 4869 V,
2145 4792 2405 4850 inediam

375 4893 439 4957 X
493 4903 534 4959 4
671 4906 875 4959 temere
1653 4904 1874 4971 temere,
1902 4899 1982 4978 V2
2021 4904 2209 4957 tenent
2254 4898 2356 4974 (ita
2385 4897 2465 4972 H)

2545 5021 2611 5069 10
