3509 5600
1309 398 1707 459 —3—

122 590 221 652 ita
309 588 626 669 quidem,
709 592 784 650 ut
862 587 947 651 de
1036 588 1489 667 lectionibuS,
1572 606 1747 669 quas
1835 587 2269 667 exhibuerit,
2362 588 2666 652 dubitari
2756 588 2897 651 iam

130 702 455 775 nequeat

299 800 502 881 Quae
552 819 714 865 cum
761 802 863 864 ita
910 807 1164 880 essent,
1222 801 1412 881 mihi,
1463 819 1624 866 cum
1675 801 1863 865 hanc
1911 803 2396 882 quaestionem
2446 802 2894 866 tractandam

124 908 576 989 susciperem,
625 908 928 971 materia
975 908 1078 972 sic
1125 909 1557 972 instituenda
1612 927 1766 973 esse
1814 908 2220 973 videbatur:
2287 909 2589 990 primum
2653 926 2894 971 omnes

121 1020 324 1079 erant
385 1014 831 1094 colligendae
896 1015 1236 1079 lectiones
1299 1015 1562 1080 codicis
1624 1015 1708 1095 H,
1776 1033 1959 1097 quae
2008 1017 2208 1080 nobis
2256 1020 2587 1079 servatae
2639 1020 2893 1096 essent,

123 1121 374 1185 deinde
423 1139 511 1184 ex
561 1121 669 1184 his
719 1121 1139 1185 lectionibus
1188 1122 1415 1186 codex
1473 1123 1621 1203 ipse
1681 1123 1910 1186 denuo
1969 1123 2441 1186 restituendus
2504 1128 2677 1201 erat,
2747 1127 2890 1185 tum

119 1228 633 1310 inquirendum,
690 1235 919 1291 utrum
962 1227 1306 1310 penderet
1348 1247 1438 1292 ex
1480 1230 1896 1311 apographo
1928 1229 2390 1294 Henochiano
2426 1248 2518 1292 an
2551 1230 2894 1311 peculiari

121 1336 403 1401 cuidam
452 1334 811 1398 traditioni
863 1334 1335 1400 Germanicae
1385 1343 1572 1399 esset
1619 1337 2159 1401 adscribendus:
2221 1355 2398 1418 quas
2446 1337 2896 1417 quaestiones

123 1444 191 1506 in
241 1442 479 1523 capite
527 1441 753 1523 primo
803 1442 1132 1507 tractavi.

293 1549 643 1630 Expedito
692 1550 795 1612 ita
841 1549 1086 1614 codice
1136 1549 1200 1612 H
1249 1550 1532 1631 neglegi
1580 1569 1720 1614 non
1770 1551 1997 1632 potuit
2058 1591 2128 1598 —
2185 1568 2611 1632 quamquam
2665 1568 2894 1631 neque

117 1656 383 1721 Holder
409 1675 640 1738 neque
658 1657 1130 1721 Baehrensius
1157 1658 1242 1721 de
1278 1676 1361 1721 eo
1390 1662 1688 1739 egerunt
1716 1697 1803 1705 —
1831 1657 2059 1722 codex
2091 1657 2648 1721 Vindobonensis
2669 1657 2737 1720 II
2758 1656 2891 1738 (V),

117 1781 325 1845 quem
361 1783 518 1829 cum
553 1764 1052 1828 Hummeliano
1096 1769 1251 1827 arto
1294 1765 1600 1846 quodam
1643 1764 2088 1845 cognationis
2123 1763 2406 1827 vinculo
2441 1763 2890 1828 coniunctum

117 1889 269 1935 esse
319 1872 587 1952 primus
635 1871 1015 1953 adspectus
1065 1871 1397 1936 docebat:
1452 1871 1513 1934 V
1561 1870 2083 1952 comparandus
2133 1879 2288 1934 erat
2335 1889 2495 1935 cum
2545 1871 2792 1935 codice
2825 1870 2889 1933 H

115 1983 186 2041 et
218 1978 624 2059 videndum,
669 1977 836 2059 quid
871 1995 960 2041 ex
995 1977 1133 2042 hac
1180 1978 1712 2059 comparatione
1758 1982 2203 2059 sequeretur:
2254 1995 2468 2059 quam
2515 1978 2889 2041 materiam

120 2086 433 2151 secundo
483 2086 701 2167 capiti
749 2085 1049 2166 seposui.

82 2189 87 2194 ’
296 2191 476 2255 Tum
537 2191 1023 2257 accedendum
1086 2198 1242 2255 erat
1302 2191 1393 2254 ad
1457 2191 1738 2256 codices
1801 2191 1959 2254 illos
2016 2190 2512 2255 Monacensem
2563 2198 2633 2254 et
2681 2190 2892 2255 Stutt-

119 2300 571 2380 gartiensem‚
623 2317 797 2380 quos
845 2297 1112 2361 Holder
1155 2302 1226 2362 et
1266 2297 1738 2363 Baehrensius
1785 2298 1902 2361 uni
1941 2298 2311 2379 eidemque
2348 2297 2895 2362 vindicaverant

117 2405 512 2487 archetypo
569 2411 684 2493 (y),
743 2411 814 2469 et
869 2405 1386 2487 inquirendum,
1449 2424 1615 2468 num
1669 2424 1748 2469 re
1799 2423 1977 2469 vera
2031 2404 2148 2469 hic
2195 2405 2424 2469 codex
2471 2432 2508 2493 y
2555 2423 2888 2486 umquam

119 2513 524 2593 exstitisset,
574 2513 882 2594 quidque
932 2513 1213 2576 omnino
1264 2512 1351 2576 de
1399 2513 1669 2594 origine
1720 2512 1967 2576 horum
2019 2511 2342 2576 codicum
2391 2512 2457 2574 M
2492 2517 2563 2575 et
2604 2511 2649 2576 S
2692 2518 2763 2575 et
2806 2512 2892 2575 de

120 2625 538 2684 correctura
608 2619 1039 2685 Germanica
1107 2620 1259 2684 erui
1329 2629 1599 2702 posset:
1668 2622 1857 2702 quod
1922 2620 2129 2684 tertio
2200 2620 2435 2701 capite
2502 2621 2894 2701 explanare

117 2727 374 2791 studui.

294 2835 554 2903 Omnia
614 2835 938 2918 denique,
1007 2854 1191 2918 quae
1250 2855 1287 2900 e
1345 2836 1592 2900 studiis
1646 2836 1823 2899 meis
1886 2834 2085 2916 sequi
2146 2836 2515 2918 putabam,
2582 2834 2895 2898 breviter

119 2943 536 3024 complexus
583 2960 737 3005 sum
784 2943 855 3006 in
904 2942 1208 3024 epilogO.

302 3048 616 3112 Titulum
673 3048 838 3115 huic
898 3050 1238 3131 opusculo
1300 3049 1627 3132 inscripsi
1688 3051 1771 3114 de
1829 3049 2050 3113 Taciti
2098 3048 2507 3113 Germaniae
2558 3048 2896 3112 codicibus

118 3154 580 3237 Germanici&
657 3165 732 3219 ut
797 3157 1111 3221 breviter
1168 3156 1843 3239 comprehenderem
1902 3155 2211 3236 codiceS‚
2270 3172 2444 3236 quos
2500 3152 2769 3218 Holder
2825 3158 2896 3216 et

119 3262 596 3327 Baehrensius
642 3263 1004 3327 traditioni
1055 3264 1525 3340 Germanicae
1574 3263 2106 3345 adscripserunt
2138 3302 2221 3311 —
2265 3280 2429 3325 nam
2471 3261 2659 3343 quod
2701 3260 2789 3324 de
2830 3259 2894 3322 H

118 3371 344 3451 valet,
412 3370 600 3433 idem
662 3370 859 3433 valet
922 3370 1009 3434 de
1068 3371 1129 3434 V
1174 3410 1263 3418 —
1324 3370 1575 3434 eadem
1637 3370 1941 3462 ratione,
2010 3387 2153 3451 qua
2221 3368 2740 3449 manuscriptos
2804 3386 2893 3431 ex

115 3476 461 3540 Italorum
510 3477 922 3541 recensione
972 3477 1364 3558 pendentes
1413 3477 1857 3560 appellamus
1906 3476 2206 3541 Italicos,
