3509 5600
1258 384 1700 444 ...43—

124 576 448 655 discrepet
511 593 557 637 a
630 575 1008 638 traditione
1089 574 1412 655 vulgata,
1494 578 1569 637 ut
1641 591 1768 637 nos
1836 580 2077 654 cogat,
2146 573 2311 637 huic
2370 572 2598 637 codici
2656 573 2876 636 aliam

122 699 309 764 quam
354 680 645 762 reliquis
695 681 1055 746 codicibus
1104 681 1450 761 originem
1502 680 1887 744 vindicare.

276 822 389 888 Sic
421 825 566 888 iam
593 824 1077 887 demonstrare
1104 823 1358 904 studui,
1388 824 1689 886 alterum
1714 822 1888 886 illud
1913 821 2326 885 Baehrensii
2352 826 2870 901 argumentum,

123 931 285 1014 quod
329 930 623 1011 protulit
670 948 798 1011 pro
848 930 1118 1008 origine
1169 928 1599 993 Germanica
1653 934 1724 992 et
1781 929 2035 1009 insigni
2099 928 2539 1009 praestantia
2606 928 2873 992 codicis

123 1037 591 1117 Hummeliani‚
644 1036 817 1099 nihil
867 1037 1146 1110 valere:
1197 1036 1565 1099 videamus
1612 1054 1830 1116 nunc,
1880 1036 2048 1117 quid
2097 1053 2188 1098 ex
2237 1034 2459 1097 altero
2509 1039 2868 1115 sequatur,

126 1162 351 1224 nempe
384 1162 474 1206 ex
517 1162 622 1225 e0,
674 1144 860 1224 quod
894 1143 959 1205 H
1000 1161 1136 1206 non
1191 1161 1399 1206 unum
1450 1161 1729 1224 semper
1777 1146 1991 1223 atque
2041 1141 2226 1205 idem
2274 1159 2496 1221 genus
2545 1140 2871 1204 codicum

126 1252 525 1331 Italicorum,
576 1251 699 1314 sed
750 1251 954 1313 modo
1004 1253 1139 1315 hoc
1186 1251 1392 1313 modo
1441 1250 1613 1313 illud
1672 1252 2095 1314 auctoritate
2154 1268 2282 1312 sua
2344 1249 2619 1313 fulciat:
2684 1247 2871 1329 quod

124 1360 209 1422 ita
249 1376 319 1421 se
364 1358 631 1420 habere
680 1357 1111 1421 Baehrensio
1161 1357 1496 1421 concedO.
1590 1356 1727 1421 Sed
1784 1357 1854 1418 in
1912 1357 2050 1420 hac
2113 1373 2390 1436 quoque
2453 1356 2868 1436 quaestione

123 1466 553 1529 suffecturum
575 1483 728 1527 esse
748 1471 918 1546 puto
940 1482 1073 1526 non
1095 1482 1275 1543 eum,
1300 1463 1439 1545 qui,
1460 1463 1645 1544 quod
1662 1463 1832 1527 fecit
1852 1463 2342 1540 BaehrensiuS‚
2362 1479 2572 1524 unam
2596 1466 2871 1524 tantum

20 1608 21 1651 4
125 1572 491 1635 alteramve
542 1570 918 1635 lectionem
967 1571 1274 1651 exempli
1318 1588 1539 1634 causa
1578 1570 1971 1651 protulerit,
2014 1569 2137 1632 sed
2181 1570 2299 1650 qui
2348 1586 2588 1631 omnes
2622 1568 2873 1631 eadem

125 1697 263 1743 cum
324 1679 694 1758 diligentia
755 1678 1296 1741 examinaverit.
1394 1675 1598 1756 Quod
1653 1676 1893 1740 facere
1944 1694 2104 1739 cum
2154 1680 2448 1739 conatus
2497 1693 2744 1755 essem,
2795 1693 2871 1738 re

20 1852 21 1855 ,
126 1803 276 1848 vera
306 1785 625 1850 codicem
656 1784 721 1847 H
762 1785 942 1847 mira
976 1784 1284 1865 quadam
1328 1783 1602 1847 ratione
1645 1782 2044 1847 consentire
2078 1782 2283 1844 modo
2318 1799 2478 1845 cum
2512 1781 2874 1845 codicibus

128 1892 228 1955 AB
272 1892 473 1954 modo
525 1910 687 1955 cum
736 1890 853 1954 OD
907 1891 1167 1953 inveni.
1233 1890 1480 1955 Liceat
1526 1890 1695 1952 mihi
1743 1889 1949 1952 huius
1999 1889 2102 1952 rei
2152 1888 2481 1968 exempla
2528 1888 2872 1951 nonnulla

129 1999 451 2079 proferre:
502 1999 824 2062 codicum
874 1998 1284 2061 Italicorum
1332 1997 1671 2061 lectiones
1718 1996 2107 2060 secundum
2157 1994 2653 2058 Muellenhoffii
2714 1994 2875 2058 Ger-

20 2156 21 2161 ,
132 2106 406 2168 maniam
456 2106 809 2188 antiquam
867 2105 1176 2168 enotavi.

1053 2282 1199 2348 AB
1990 2280 2125 2347 CD

315 2444 470 2506 cap.
577 2424 737 2487 1114
958 2430 1065 2486 tris
1918 2432 2030 2484 tres
2077 2427 2131 2484 H

660 2539 689 2594 1
703 2540 733 2595 7
944 2536 1146 2611 pluris
1907 2533 2113 2608 plures
2158 2534 2216 2591 H

656 2645 735 2702 25
955 2643 1131 2700 etiam
1918 2645 1968 2697 et
2014 2639 2152 2716 (om.
2187 2641 2258 2716 G)
2305 2641 2362 2698 H

539 2745 640 2809 III
660 2752 736 2809 13
956 2749 1233 2825 hodieque
1290 2747 1343 2806 H
1921 2747 2090 2805 hodie

548 2853 643 2915 IV
702 2860 736 2916 6
957 2857 1135 2914 Geruli
1182 2857 1236 2914 H
1921 2854 2129 2912 cerulei

584 2959 645 3022 V
705 2967 737 3022 7
959 2982 1163 3038 eaeque
1210 2963 1268 3020 H
1924 2967 2123 3036 eatque

701 3072 737 3129 8
955 3070 1280 3144 propitiine
1325 3069 1383 3126 H
1912 3068 2166 3142 propitii

510 3172 640 3235 VlI
656 3180 686 3235 1
700 3181 731 3235 7
954 3181 1057 3232 aut
1102 3177 1321 3250 eoeiqere
1922 3179 1973 3231 et
2019 3174 2236 3248 eoeiyere
2282 3175 2340 3232 H

465 3279 638 3343 XIII
695 3286 733 3341 4
952 3303 1087 3341 eam
1920 3288 2048 3339 tum
2093 3282 2151 3339 H

657 3393 735 3449 14
943 3391 1287 3465 principum
1338 3390 1397 3447 H
1910 3390 2284 3464 primipium
2329 3388 2387 3446 H
2431 3408 2548 3446 var.

473 3493 641 3557 XIV
701 3500 735 3556 2
956 3499 1238 3574 adequare
1282 3499 1340 3556 H
1917 3516 2124 3572 equare

467 3600 636 3663 XIX
698 3606 733 3663 9
952 3605 1236 3662 invenerit
1292 3605 1350 3663 H
1921 3604 2145 3661 invenit

437 3706 646 3770 XXII
698 3713 733 3769 9
952 3712 1052 3769 sed
1099 3718 1150 3769 et
1194 3712 1253 3769 H
1919 3710 2019 3767 sed

436 3812 639 3876 XXV
701 3819 914 3877 9—14
950 3819 1163 3876 desunt
1922 3816 2139 3874 adsunt
2184 3816 2242 3873 H

400 3921 637 3984 XXVI
699 3928 735 3985 8
955 3932 1211 4001 seperent
1258 3926 1316 3984 H
1915 3928 2177 3997 separent

334 4027 641 4091 XXVIII
702 4035 733 4090 1
956 4038 1128 4090 autor
1918 4034 2224 4086 auctorum
2270 4028 2326 4085 H

368 4133 640 4197 XXXV
701 4142 735 4197 6
956 4140 1227 4196 sinuetm·
1271 4138 1329 4196 H
1915 4136 2151 4192 sinatur
2195 4134 2254 4191 H
2294 4154 2370 4192 m.

339 4240 645 4304 XXXVI
703 4248 740 4305 8
958 4247 1090 4321 fusi
1917 4244 2040 4318 fosi
2084 4243 2142 4300 H

514 4345 640 4408 XL
698 4354 734 4409 3
955 4372 1021 4410 ae
1055 4351 1438 4428 periclitando
1486 4350 1544 4408 H
1917 4355 1968 4407 et
2003 4349 2387 4424 periclitando

482 4452 646 4515 XLI
698 4459 729 4518 7
941 4460 1178 4534 passim
1223 4458 1351 4514 sine
1396 4457 1455 4514 H
1904 4456 2142 4532 passim
2187 4461 2238 4512 et
2282 4456 2410 4512 sine

450 4559 644 4621 XLII
692 4567 739 4623 ⁴7
960 4584 1226 4622 mansere
1271 4564 1328 4621 H
1917 4568 2266 4620 manserunt

423 4665 657 4728 XLIII
714 4674 745 4729 1
967 4672 1100 4728 buri
1143 4671 1201 4728 H
1927 4670 2085 4726 barii

699 4780 731 4835 7
949 4777 1140 4850 yotini
1183 4777 1241 4834 H
1910 4776 2093 4834 cotini

415 4877 641 4941 XLIV
703 4886 734 4941 1
958 4903 1233 4942 oceanum
1917 4901 2155 4941 occeano
2201 4882 2258 4939 H
