3509 5600
156 564 406 629 Probari
447 563 635 627 hanc
678 563 1099 627 sententiam
1146 562 1419 627 duabus
1454 564 1697 626 rebus:
1744 563 1932 644 quod
1974 563 2163 626 solus
2207 561 2515 625 omnium
2558 560 2884 625 codicum

48 692 51 741 ³.
155 673 514 753 singulares
580 670 924 752 quasdam
992 670 1331 734 lectiones
1398 669 1761 751 exhibeat,
1838 688 2014 752 quas
2086 669 2449 733 doctorum
2525 668 2886 731 hominum

154 780 342 862 quinti
392 777 647 842 decimi
694 776 963 841 saeculi
1013 777 1438 841 coniecturis
1488 795 1627 840 non
1678 777 1920 841 deberi
1971 784 2242 841 certum
2289 776 2397 855 sit,
2448 781 2519 838 et
2568 774 2754 855 quod
2801 774 2887 837 iis

150 887 313 968 locis,
362 887 615 967 quibus
665 884 783 947 AB
832 891 902 946 et
951 882 1070 948 OD
1119 923 1205 931 —
1255 884 1390 947 duo
1450 884 1578 948 illa
1633 884 1953 948 codicum
2013 884 2420 948 Italicorum
2483 899 2752 962 genera
2800 921 2885 929 —

148 996 302 1058 inter
357 1012 431 1056 se
496 991 932 1069 dissentiant,
997 1008 1276 1072 semper
1335 1009 1378 1054 a
1434 992 1753 1072 partibus
1817 992 1966 1054 eius
2028 991 2349 1055 codicum
2397 989 2678 1071 generis
2727 991 2887 1069 stet,

151 1100 312 1182 quod
356 1099 733 1163 lectionem
784 1097 1162 1177 genuinam
1216 1097 1569 1178 exhibeat,
1630 1117 1770 1162 non
1830 1117 2041 1161 unum
2090 1116 2368 1180 semper
2417 1102 2630 1177 atque
2678 1095 2888 1175 idem,

144 1207 249 1270 sed
309 1206 513 1269 modo
578 1206 900 1285 alterum,
966 1205 1173 1268 modo
1238 1207 1541 1269 alterum
1605 1224 1828 1286 genus
1893 1207 2313 1271 auctoritate
2375 1224 2504 1269 sua
2566 1204 2886 1269 fulciens.

145 1315 348 1395 Atque
424 1313 727 1394 primum
804 1312 1088 1392 quidem
1154 1331 1275 1375 eas
1347 1314 1690 1376 lectiones
1763 1314 2304 1391 consideraturi,
2375 1331 2551 1393 quas
2627 1317 2701 1374 ut
2775 1330 2887 1376 co-

144 1421 294 1485 dicis
324 1420 387 1483 H
434 1418 651 1482 solius
697 1418 1022 1500 proprias
1064 1436 1294 1500 neque
1344 1420 1769 1484 coniecturis
1816 1426 2006 1483 ortas
2051 1420 2342 1501 protulit
2388 1419 2883 1499 Baehrensius,

142 1526 634 1592 Schefczikium
702 1526 1040 1588 adeamus
1107 1544 1395 1590 necesse
1470 1532 1602 1606 est,
1677 1527 1795 1608 qui
1869 1527 2430 1590 dissertationem
2501 1528 2581 1590 de
2666 1525 2888 1589 Taciti

144 1633 527 1698 Germaniae
570 1640 920 1715 apparata
963 1633 1196 1696 critico
1241 1633 1535 1696 inseruit
1567 1633 2071 1715 programmati
2109 1631 2625 1714 Troppaviensi
2659 1636 2887 1715 (1886)

144 1746 201 1804 et
242 1740 322 1804 de
370 1741 476 1803 his
526 1740 943 1804 lectionibus
993 1741 1244 1822 egit-p.
1287 1746 1364 1806 13
1399 1759 1548 1822 sqq.
1599 1740 1679 1803 In
1723 1740 2129 1803 universum
2171 1759 2329 1804 cum
2374 1758 2457 1804 eo
2500 1740 2885 1820 consentio,

144 1848 201 1910 in
243 1847 530 1928 singulis
581 1847 923 1910 nonnulla
972 1847 1232 1911 addere
1282 1848 1514 1913 liceat.

296 1991 483 2056 1114
532 1989 1196 2074 conditorisque]
1249 1990 1891 2072 conditoremque
1938 1989 2022 2052 H.

300 2116 470 2180 Cum
514 2112 957 2178 Schefczikio
1000 2113 1166 2176 mihi
1217 2113 1407 2175 haud
1461 2112 1783 2195 displicet
1831 2113 2012 2177 haec
2053 2115 2463 2178 coniectura
2505 2114 2768 2178 codicis
2801 2112 2888 2193 H,

142 2222 244 2284 sed
286 2221 761 2285 coniecturam
808 2238 964 2282 eam
1010 2239 1160 2283 esse
1210 2226 1400 2301 put0,
1452 2238 1589 2282 non
1638 2221 2017 2300 genuinam
2067 2222 2442 2284 lectionem
2494 2220 2889 2284 traditionis

143 2327 608 2392 Germanicae.
731 2326 1222 2391 Coniecturam
1297 2345 1462 2390 vero
1532 2328 1743 2390 talem
1813 2335 1881 2390 et
1947 2327 2199 2390 Italum
2269 2328 2508 2392 facere
2575 2328 2887 2409 potuisse

26 2466 27 2471 κ
142 2451 508 2514 cognoscas
529 2453 568 2496 e
591 2433 835 2497 codice
849 2433 1372 2497 Vindobonensi
1394 2433 1461 2496 II
1478 2432 1610 2516 (V),
1635 2452 1843 2515 quem
1863 2433 2125 2497 Romae
2148 2453 2332 2497 anno
2357 2441 2522 2502 1466
2546 2436 2889 2515 scriptum

26 2554 27 2557 ’
144 2559 279 2604 esse
343 2541 762 2621 subscriptio
832 2540 1265 2603 demonstrat
1336 2540 1668 2621 (Huemer
1727 2541 2043 2603 Zeitschr.
2088 2542 2143 2624 f.
2195 2542 2259 2603 d.
2313 2548 2582 2604 oesterr.
2645 2541 2888 2625 Gymn.

24 2628 27 2685 ¹·
146 2653 294 2713 1879
344 2667 407 2729 p.
463 2652 638 2728 801),
702 2649 961 2729 quique
1010 2649 1382 2712 lectionem
1434 2649 1925 2731 conditorisque
1977 2644 2285 2712 correxit
2333 2648 2400 2709 in
2451 2649 2891 2713 conditorem-

148 2776 255 2838 que
300 2756 487 2838 (item
522 2755 592 2838 S,
631 2756 1061 2837 conditorem,
1114 2755 1201 2818 ad
1254 2773 1465 2837 quam
1516 2755 1888 2820 lectionem
1938 2756 2008 2819 in
2058 2756 2291 2838 capite
2342 2756 2546 2819 tertio
2596 2756 2890 2820 redeun-

22 2935 23 2942 .
140 2861 287 2924 dum
332 2864 508 2944 erit).

297 3006 473 3071 1114
522 3005 1011 3088 harditum]
1061 3005 1443 3067 baritum
1490 3003 1574 3066 H.

300 3129 401 3193 De
464 3130 602 3215 hac
662 3130 963 3193 lectione
1017 3130 1368 3210 agendum
1434 3130 1633 3193 nobis
1698 3130 1979 3192 omnino
2032 3148 2169 3192 non
2231 3134 2355 3210 est,
2410 3130 2742 3212 quoniam
2795 3132 2887 3194 ab

135 3233 495 3300 Hummelii
527 3235 849 3316 Longolii
884 3235 1199 3315 Sellingii
1234 3236 1727 3300 collationibus
1772 3254 1906 3298 non
1944 3237 2316 3300 exhibetur
2350 3243 2419 3302 et
2454 3240 2542 3302 ab
2577 3238 2889 3301 Holdero
2973 3246 2979 3253 '

22 3429 33 3436 -
135 3360 172 3403 e
215 3344 353 3406 solo
400 3344 472 3426 S2
524 3362 773 3406 manus
823 3345 1218 3407 testimonio
1270 3345 1635 3409 vindicata
1682 3350 1787 3408 est
1836 3346 2060 3409 codici
2109 3345 2622 3426 HummelianO,
2674 3363 2890 3426 quam

134 3450 465 3514 rationem
515 3456 589 3513 ut
636 3450 1082 3514 incertiorem
1131 3452 1523 3515 reiecimus.

299 3593 514 3660 11113
562 3592 1042 3677 incolitur]
1092 3593 1544 3657 incolatur
1590 3593 1672 3656 H.

301 3716 497 3780 Haec
560 3717 771 3781 lectio
837 3736 974 3780 non
1039 3718 1108 3780 in
1157 3718 1221 3780 H
1283 3719 1432 3781 solo
1496 3720 1862 3799 reperitur,
1931 3719 2051 3781 sed
2118 3720 2328 3782 etiam
2393 3720 2462 3781 in
2522 3719 2885 3782 codicibus

135 3820 290 3902 MV3
330 3824 640 3904 genuina
680 3843 819 3887 non
874 3830 998 3904 est,
1048 3825 1215 3906 quia
1256 3831 1548 3906 propter
1589 3844 1837 3890 vocem
1885 3826 2077 3889 hodie
2127 3826 2264 3890 hoc
2314 3827 2755 3889 enuntiatum
2798 3844 2888 3889 ex

128 3927 338 4009 ipsius
386 3931 694 3994 auctoris
742 3932 858 3994 vel
906 3932 1312 4013 aequalium
1362 3933 1510 3995 eius
1558 3933 1906 3995 sententia
1957 3932 2218 3995 dictum
2272 3933 2549 3995 videtur
2598 3950 2773 3995 esse.

298 4073 430 4138 X4
481 4075 838 4159 temere]
890 4081 1182 4137 tenent
1230 4072 1314 4136 H.

298 4194 702 4260 Lectionem
767 4197 1136 4278 archetypi
1199 4198 1385 4260 illius
1448 4196 1816 4260 Fuldensis
1873 4199 2309 4261 consensisse
2368 4217 2527 4262 cum
2586 4199 2888 4278 vulgata

123 4305 359 4365 temere
427 4301 861 4366 demonstrat
926 4303 1326 4367 Translatio
1390 4303 1454 4368 S.
1515 4303 1921 4387 *Alexandri
1989 4303 2216 4385 (Pertz
2283 4304 2586 4369 Monum.
2649 4304 2885 4370 Germ.

120 4406 280 4471 hist.
329 4409 395 4474 II
446 4415 620 4492 675).

301 4535 626 4601 XV1115
676 4535 1173 4621 ambiuntur]
1224 4536 1581 4599 ambiunt
1628 4535 1710 4598 H.

300 4658 800 4740 Interpretatio
836 4678 879 4722 a
912 4659 1353 4724 Schefczikio
1390 4660 1668 4741 prolata
1702 4661 2052 4741 persuasit
2083 4660 2279 4739 mihi,
2315 4662 2697 4742 genuinam
2731 4679 2887 4726 esse

110 4763 443 4828 codicum
518 4765 891 4830 lectionem
969 4767 1361 4831 ambiantur
1437 4772 1507 4831 et
1584 4768 1901 4832 codicem
1962 4766 2026 4830 H
2101 4773 2365 4832 temere
2443 4769 2889 4849 neglegendo

110 4872 616 4951 compendium
664 4873 1132 4955 corruptelae,
1184 4892 1320 4936 non
1372 4873 1880 4937 emendationis
1929 4880 2292 4939 auctorem
2341 4895 2513 4941 esse.
