3509 5600
1804 332 2348 449 —34—-l

818 578 1211 660 Repudiato
1262 578 1364 640 ita
1409 595 1659 641 manus
1700 580 1771 660 52
1826 576 2088 640 auxilio
2136 578 2208 639 in
2256 576 2706 640 restituendis
2754 576 3018 640 codicis
3060 573 3125 636 H
3173 576 3394 639 lectio-

643 688 866 765 nibus,
911 692 1053 749 tres
1096 685 1261 748 illae
1304 685 1718 748 collationes
1752 683 2129 748 Hummelii
2164 683 2483 765 Longolii
2518 683 2834 764 Sellingii
2879 684 3080 747 nobis
3113 689 3389 763 restant,

642 795 894 875 quibus
949 793 1157 856 nixus
1214 791 1530 856 codicem
1588 790 2155 854 Hummelianum
2206 791 2717 855 reconcinnare
2779 808 2996 871 supra
3044 790 3395 871 temptavi.

642 903 872 983 Atque
921 901 1062 963 iam
1111 899 1180 961 in
1229 898 1312 961 iis
1362 916 1547 979 quae
1594 903 1978 978 sequentur
2027 898 2346 978 opusculi
2394 899 2713 979 partibus
2762 917 2852 961 ex
2902 898 3040 962 hac
3080 916 3241 961 mea
3274 898 3397 962 col-

642 1009 982 1072 lationum
1056 1004 1560 1086 compositione
1617 1004 1936 1084 proferre
1993 1004 2332 1068 lectiones
2391 1004 2654 1069 codicis
2710 1003 3184 1068 Hummeliani
3244 1003 3400 1067 mihi

642 1117 875 1180 liceat.
971 1112 1222 1176 Differt
1289 1113 1378 1175 ab
1442 1129 1529 1174 ea
1590 1110 1880 1174 Holderi
1944 1111 2289 1176 restitutio
2353 1112 2654 1193 primum
2717 1130 2830 1190 eo,
2894 1111 3083 1192 quod
3145 1109 3401 1173 Holder
3499 1174 3500 1195 χ

643 1221 1018 1285 nonnullas
1089 1219 1428 1283 lectiones
1497 1217 1567 1300 82
1641 1236 1892 1282 manus
1958 1236 2085 1299 pro
2151 1218 2476 1299 genuinis
2544 1218 2963 1282 lectionibus
3030 1217 3296 1282 codicis
3340 1215 3401 1281 H
3499 1214 3500 1271 ἶ

640 1326 942 1409 accepit,
1011 1325 1197 1407 quod
1264 1341 1396 1403 ego
1464 1324 1806 1388 audacius
1871 1326 2138 1389 factum
2205 1343 2358 1388 esse
2427 1324 2925 1400 demonstravi,
2994 1324 3249 1388 deinde
3308 1342 3403 1404 ec,
3499 1326 3500 1329 ’

641 1435 828 1516 quod
877 1433 1143 1497 Holder
1208 1437 1488 1495 centum
1554 1432 1703 1496 fere
1766 1432 1940 1496 locis
1989 1432 2215 1496 codici
2265 1432 2330 1494 H
2377 1432 2752 1496 lectionem
2803 1433 3116 1513 aliquam
3167 1431 3402 1496 tribuit

648 1541 928 1604 testium
988 1539 1285 1617 silentio,
1336 1545 1411 1600 ut
1462 1538 1769 1618 videtur,
1839 1544 2260 1603 commotus:
2325 1557 2456 1619 ego
2508 1539 2788 1620 quidem
2838 1539 3018 1602 tales
3066 1539 3404 1603 lectiones

643 1666 871 1729 neque
936 1647 1004 1709 in
1069 1646 1292 1709 tribus
1356 1646 1492 1708 illis
1556 1645 2050 1709 collationibus
2114 1664 2342 1726 neque
2406 1646 2476 1708 in
2536 1645 2960 1710 correcturis
3010 1644 3081 1728 82
3137 1645 3405 1724 inveni3

646 1752 1073 1818 concludere
1133 1761 1367 1815 autem
1426 1771 1465 1815 e
1513 1752 1790 1815 silentio
1854 1752 1978 1814 tali
2037 1753 2108 1814 in
2165 1771 2241 1815 re
2308 1753 2701 1816 difficiliore
2762 1753 3108 1816 incertum
3176 1757 3284 1816 est
3343 1755 3408 1814 et

642 1861 1009 1939 lubricum,
1061 1877 1279 1940 quare
1329 1876 1460 1939 ego
1512 1877 1633 1921 eas
1681 1859 2021 1922 lectiones
2069 1878 2206 1922 non
2257 1861 2530 1940 recepi;
2582 1864 2725 1923 tum
2777 1878 2858 1923 eo
2908 1859 3095 1940 quod
3147 1858 3409 1922 Holder
3501 1852 3502 1879 ³

643 1967 848 2032 modo
896 1968 1084 2030 hanc
1132 1966 1337 2029 modo
1387 1967 1581 2029 illam
1632 1966 2006 2030 lectionem
2056 1968 2298 2047 elegit,
2350 1985 2560 2048 quam
2611 1968 2973 2031 nobiscum
3033 1965 3411 2030 communi·

645 2080 860 2153 caret,
898 2092 1126 2154 neque
1160 2074 1278 2150 ita,
1310 2078 1383 2135 ut
1415 2073 1782 2154 rationem,
1817 2074 2203 2137 secundum
2238 2092 2449 2154 quam
2478 2074 2825 2138 delectum
2862 2091 3061 2136 suum
3093 2072 3409 2152 instituit,

643 2200 928 2263 prorsus
976 2181 1280 2261 probare
1331 2180 1616 2260 possim:
1664 2198 1884 2260 quare
1929 2198 2169 2243 omnes
2212 2180 2551 2243 lectiones
2586 2179 2848 2244 codicis
2881 2179 2965 2259 H,
3003 2198 3182 2260 quas
3216 2179 3413 2242 nobis

643 2294 1114 2351 servaverunt
1162 2285 1599 2349 Hummelius
1648 2286 2029 2366 Longolius
2079 2286 2476 2367 Sellingius,
2541 2288 2609 2349 in
2669 2286 2971 2351 indicem
3030 2305 3269 2350 meum
3321 2287 3415 2348 in-

645 2394 914 2474 scripsi.
947 2433 1036 2442 --
1070 2392 1270 2472 Quae
1306 2393 1373 2454 in
1410 2393 1702 2471 singulis
1728 2393 2177 2457 Woelfflinus
2225 2394 2493 2456 monuit
2528 2393 2612 2456 de
2646 2392 2936 2456 Holderi
2972 2394 3413 2457 restitutione

648 2501 765 2579 (ad
809 2519 964 2580 cap.
1012 2501 1041 2563 Ι
1094 2506 1173 2565 10
1216 2500 1464 2585 effusis,
1510 2499 1705 2562 1111ss
1754 2507 2042 2581 reperta,
2096 2500 2212 2562 X4
2265 2507 2502 2579 tenent,
2554 2499 2841 2563 XVIII5
2895 2501 3224 2587 ambiunt)
3280 2502 3416 2564 Sel-

647 2608 842 2687 lingii
901 2607 1278 2670 collatione
1338 2646 1422 2654 --
1480 2625 1661 2687 quae
1709 2607 2119 2670 Woelfflino
2177 2612 2460 2688 praesto
2522 2608 2731 2670 fuisse
2798 2625 2935 2669 non
2996 2607 3281 2671 videtur
3335 2645 3417 2654 —-

648 2714 820 2777 satis
870 2713 1318 2793 explicantur
1375 2720 1444 2775 et
1493 2719 1943 2776 excusantur.
1979 2752 2064 2760 —
2099 2714 2259 2776 1112
2311 2716 2632 2777 bistonem
2680 2717 2806 2796 (ita
2855 2713 2927 2793 C,
2976 2715 3308 2778 visionem
3357 2712 3417 2775 H

648 2822 1033 2885 secundum
1096 2820 1512 2900 Longolium
1577 2826 1647 2882 et
1707 2819 2143 2900 Sellingium)
2211 2839 2370 2884 cum
2411 2822 2820 2885 Woelfflino
2879 2821 3105 2885 codici
3179 2827 3415 2884 nostro
3505 2907 3506 2916 ἵ

643 2947 779 2991 non
832 2929 1081 2991 nibuO.

820 3070 945 3133 His
994 3072 1202 3133 rebus
1265 3071 1601 3151 expositis
1666 3070 1750 3134 de
1817 3071 2049 3151 priore
2113 3078 2317 3151 parte
2383 3072 2636 3153 capitis
2706 3073 2932 3154 primi,
3005 3072 3076 3134 id
3148 3077 3258 3136 est
3332 3072 3417 3134 de

644 3178 1075 3241 restituendo
1126 3178 1369 3241 codice
1418 3177 1932 3257 HummelianO,
1984 3183 2219 3241 actum
2282 3197 2433 3241 esse
2491 3184 2679 3259 puto,
2754 3179 3201 3243 Accedamus
3254 3179 3416 3257 iam,

643 3286 696 3348 si
726 3285 984 3366 placet,
1021 3284 1110 3347 ad
1147 3285 1443 3348 alteram
1479 3289 1752 3365 partem
1791 3291 1861 3348 et
1895 3303 2337 3366 quaeramus,
2368 3295 2597 3348 utrum
2627 3286 2852 3350 codex
2878 3287 3421 3350 Hummelianus

644 3411 733 3454 ex
769 3391 1182 3472 apographo
1218 3390 1677 3454 Henochiano
1710 3391 2022 3471 pendeat
2056 3410 2145 3454 an
2182 3397 2381 3455 recta
2415 3393 2535 3455 via
2569 3393 3013 3457 descenderit
3046 3412 3134 3456 ex
3171 3395 3420 3459 arche-

644 3505 812 3578 typo
862 3498 981 3559 illo
1033 3496 1455 3561 Germanico
1504 3497 1838 3560 Fuldensi
1871 3498 2022 3562 sive
2057 3498 2557 3562 Hersfeldensi.
2609 3501 2745 3564 Sed
2778 3501 3191 3581 priusquam
3227 3501 3422 3565 hanc

645 3604 1125 3685 quaestionem
1176 3604 1454 3666 solvere
1494 3622 1850 3683 conemur,
1886 3611 2213 3669 constare
2257 3606 2440 3669 inter
2490 3625 2615 3669 nos
2671 3626 2845 3688 opus
2889 3613 3014 3688 est,
3060 3625 3422 3688 quaenam

644 3712 980 3774 lectiones
1029 3711 1291 3774 codicis
1324 3710 1389 3772 H
1438 3729 1527 3773 ex
1575 3711 1693 3773 illo
1745 3711 2157 3793 archetpr
2201 3731 2550 3793 quaenam
2594 3732 2682 3776 ex
2718 3714 2855 3776 alio
2889 3714 3187 3776 fortasse
3221 3715 3425 3777 fonte

642 3818 1120 3880 manaverint:
1166 3817 1538 3880 dicendum
1574 3818 1760 3879 enim
1794 3818 1928 3880 erit
1963 3818 2047 3880 de
2083 3819 2326 3882 codice
2359 3819 2852 3883 Hummeliano
2887 3827 2960 3884 et
2991 3822 3425 3885 correcturis

647 3926 814 3986 eius,
895 3922 1135 3989 Codici
1170 3923 1233 3985 H
1278 3924 1340 3986 id
1380 3924 1638 4004 evenit,
1688 3924 1875 4005 quod
1917 3924 2273 4005 plerisque
2316 3931 2710 3989 nostrorum
2754 3928 3075 3992 codicum
3122 3928 3422 3991 accidit:

644 4049 807 4092 nam
858 4031 1155 4110 primum
1207 4030 1276 4091 in
1335 4029 1706 4093 scribendo
1765 4031 1915 4093 sive
1975 4032 2290 4111 perfecto
2350 4031 2554 4095 modo
2614 4051 2827 4114 opere
2885 4039 3248 4098 correctus
3312 4041 3424 4097 est

646 4139 735 4200 ab
786 4137 935 4217 ipso
988 4137 1294 4217 librariO,
1347 4137 1463 4217 qui
1514 4143 1733 4200 totum
1787 4137 2099 4201 codicem
2153 4140 2500 4220 exaravit,
2553 4159 2760 4221 quem
2802 4141 2931 4203 has
2967 4147 3426 4205 correcturas

649 4244 928 4306 omnino
978 4243 1069 4306 ad
1119 4244 1487 4324 archetypi
1538 4243 1746 4306 fidem
1796 4244 2048 4308 secisse
2097 4245 2250 4307 veri
2300 4246 2524 4310 simile
2583 4253 2721 4311 est:
2782 4248 2883 4310 ita
2942 4253 3015 4309 ut
3073 4247 3205 4309 hae
3268 4266 3426 4310 cor-

647 4356 969 4413 recturae
1040 4349 1227 4412 idem
1298 4351 1591 4413 valeant
1662 4356 1876 4431 atque
1960 4356 2243 4414 ceterae
2324 4354 2662 4417 lectiones
2741 4353 2959 4434 ipsius
3034 4354 3421 4416 verborum

644 4463 1035 4519 contextus.
1109 4456 1467 4519 Interdum
1518 4462 1753 4519 tamen
1806 4457 1872 4519 in
1926 4457 2344 4537 corrigendo
2393 4478 2523 4523 sua
2569 4465 2818 4542 sponte
2868 4467 3206 4523 novatum
3258 4478 3422 4524 esse

643 4581 687 4624 a
727 4580 940 4625 manu
984 4562 1049 4624 H
1091 4568 1420 4643 apparet3
1466 4563 1564 4624 ita
1607 4562 1838 4643 XIV4,
1896 4563 2014 4626 ubi
2070 4581 2197 4644 pro
2253 4568 2679 4648 superstitem
2723 4568 3035 4651 principi
3091 4568 3424 4648 primitus

642 4669 1026 4750 scripserat
1100 4670 1524 4752 superstitem
1600 4671 1930 4752 principe,
2012 4671 2175 4735 huic
2255 4672 2411 4736 loco
2482 4675 2584 4738 ita
2659 4675 2923 4739 mederi
3002 4675 3256 4753 studet,
3348 4680 3424 4739 ut

642 4776 998 4857 superstite
1020 4777 1338 4859 principe
1372 4776 1717 4857 emendet,
1756 4795 1968 4857 quam
2004 4788 2484 4843 correcturam
2520 4800 2659 4844 non
2708 4800 2797 4845 ex
2847 4782 3236 4863 archetypo
3289 4782 3422 4846 sed

644 4898 735 4943 ex
791 4882 1005 4962 ipsius
1061 4882 1328 4946 librarii
1390 4883 1670 4963 ingenio
1727 4885 2071 4965 prodiisse
2130 4891 2450 4965 apparet.
2544 4887 2781 4952 Simile
2839 4887 3006 4969 quid
3057 4887 3418 4952 accidisse
