3509 5600
1775 394 2257 455 -112—

630 587 928 651 busdam
978 586 1259 649 differre
1307 586 1490 649 inter
1537 603 1611 649 se
1660 585 1940 649 codices
1990 589 2296 647 nostros:
2355 583 2456 646 ita
2502 584 2808 664 exempli
2858 585 3095 664 gratia
3141 584 3400 648 vocula
3487 608 3488 673 j

632 714 920 759 oceanus
970 694 1037 755 in
1083 693 1127 757 S
1176 711 1454 774 semper
1501 711 1628 774 per
1676 692 1832 774 du0‚
1881 692 1953 754 in
1993 691 2064 755 M
2110 709 2389 772 semper
2428 709 2556 773 per
2600 709 2813 753 unum
2857 711 2890 754 c
2932 692 3285 771 scribitur,
3332 698 3402 754 ut

630 803 863 866 altera
925 819 1012 864 ex
1074 805 1279 882 parte
1330 800 1397 863 M
1444 801 1723 864 rhenum
1782 799 2070 862 fluvium
2137 816 2415 879 semper
2477 798 2627 861 sine
2690 799 2928 861 littera
2972 799 3014 861 h
3061 799 3399 880 scriptum
3489 786 3490 835 ἶ

629 908 939 987 exhibet,
975 907 1160 988 quod
1194 907 1265 969 in
1299 908 1343 971 S
1376 907 1593 970 semel
1626 910 1900 969 tantum
1932 905 2331 986 repperitur
2362 905 2492 987 (III
2515 909 2640 985 13).
2690 905 3030 987 Reliquae
3065 905 3402 969 lectiones

630 1013 1228 1094 orthographicae
1301 1013 1557 1093 dignae
1631 1031 1765 1075 non
1836 1018 1996 1075 sunt
2068 1013 2138 1074 in
2212 1029 2388 1093 quas
2453 1012 2922 1093 inquiramus:
2991 1030 3215 1094 quare
3285 1030 3403 1075 eas

628 1121 880 1185 missas
928 1121 1274 1184 faciamus
1322 1128 1392 1183 et
1439 1119 1617 1182 alias
1663 1123 2082 1199 spectemus,
2179 1116 2493 1198 Quarum
2558 1118 2849 1198 triginta
2909 1118 3056 1181 fere
3115 1119 3292 1183 locis
3339 1119 3401 1181 M

631 1233 703 1291 et
751 1226 796 1290 S
844 1227 945 1289 ita
993 1227 1422 1307 conspirant,
1473 1232 1548 1287 ut
1594 1224 1818 1306 primo
1876 1226 2120 1287 obtutu
2172 1225 2524 1288 communi
2574 1243 2693 1288 eos
2742 1225 3132 1307 archetypo
3184 1226 3402 1288 vindi-

631 1334 933 1413 caveriS‚
979 1333 1064 1396 de
1107 1333 1462 1414 plerisque
1506 1338 1741 1394 autem
1784 1348 2028 1394 earum
2062 1331 2277 1410 valet,
2322 1331 2507 1411 quod
2541 1331 2755 1413 paulo
2789 1349 3006 1413 supra
3038 1332 3107 1394 in
3146 1333 3404 1396 talibus

632 1441 1052 1505 lectionibus
1099 1440 1502 1510 statuimus:
1553 1445 1675 1502 aut
1714 1445 1877 1501 sunt
1918 1439 2365 1519 corruptelae
2409 1456 2621 1520 quam
2654 1438 3055 1502 levissimae
3090 1448 3215 1502 aut
3249 1458 3405 1503 con-

631 1548 944 1611 sentiunt
1006 1565 1165 1611 cum
1230 1547 1495 1609 maiore
1556 1552 1760 1627 parte
1823 1545 2145 1609 codicum
2209 1545 2667 1626 deteriorum;
2733 1563 3028 1627 quorum
3088 1547 3404 1610 locorum

632 1654 1147 1718 enumerationi
1180 1671 1478 1735 parcere
1519 1652 1688 1715 mihi
1730 1652 1962 1730 liceat,
2006 1651 2218 1715 facile
2260 1669 2379 1715 eos
2418 1652 2737 1715 invenies
2782 1653 2852 1715 in
2888 1653 3404 1717 collationibus.

631 1760 998 1827 Gravioris
1048 1778 1218 1823 vero
1266 1759 1598 1823 momenti
1646 1759 1840 1822 solae
1888 1759 2024 1822 hae
2072 1763 2234 1821 sunt
2280 1758 2652 1822 lectiones:

1408 1920 1511 1982 III
1530 1926 1605 1983 10
1695 1942 2029 1999 repercussa
2136 1941 2242 1999 pro
2331 1942 2670 1998 repermssu

1528 2032 1606 2089 14
1699 2029 1848 2088 LAC
1859 2029 1964 2087 VN
1965 2030 2018 2086 A
2338 2037 2863 2087 ΛΣΚΗΙΥΡΓΙΟΝ

1348 2131 1514 2195 XVI
1530 2139 1559 2196 1
1571 2138 1607 2196 Ο
1700 2136 1992 2195 iminium
2339 2137 2606 2195 inlinunt

1276 2239 1514 2303 XXVI
1531 2247 1559 2303 1
1571 2246 1607 2304 Ο
1700 2244 1972 2319 deyerunt
2337 2245 2606 2318 diyerunt

812 2418 1082 2499 Quibus
1143 2418 1560 2482 lectionibus
1623 2417 1679 2480 si
1743 2415 1919 2479 duas
1980 2416 2140 2480 illas
2200 2435 2418 2498 supra
2464 2417 2721 2480 allatas
2769 2417 3047 2499 (XXV6
3099 2426 3160 2482 et
3208 2419 3407 2483 liberi

632 2525 1000 2588 XXXV13
1053 2529 1286 2609 ayunt)
1348 2522 1688 2603 adiungis,
1750 2540 1992 2586 omnes
2054 2528 2268 2587 testes
2326 2523 2694 2604 collegisti,
2755 2525 2873 2605 qui
2922 2525 3290 2590 codicibus
3339 2526 3403 2588 M

630 2640 703 2697 et
763 2632 808 2696 S
865 2649 1234 2695 commune
1300 2630 1666 2695 vindicant
1735 2629 2222 2711 archetypum.
2319 2628 2700 2693 Videamus
2772 2630 2934 2712 iam,
3009 2650 3100 2694 an
3173 2634 3406 2697 altera

635 2756 915 2821 quoque
1002 2756 1092 2802 ex
1176 2743 1380 2820 parte
1465 2737 1803 2801 lectiones
1896 2736 2380 2818 inveniantur,
2471 2754 2653 2819 quae
2750 2736 2915 2801 huic
3011 2737 3404 2821 archetypo

631 2853 1049 2928 repugnent.
1146 2845 1463 2926 Quarum
1519 2862 1671 2926 eg0,
1729 2862 1818 2907 ne
1875 2844 2078 2908 nimis
2135 2845 2346 2925 spatii
2394 2863 2808 2908 consumere
2858 2863 3155 2926 cogerer
3202 2847 3280 2909 in
3329 2865 3402 2909 re

632 2955 791 3017 luce
827 2947 916 3015 'ut
961 2970 1167 3033 spero
1217 2952 1538 3033 clariore,
1589 2956 1862 3014 tantum
1909 2969 2031 3015 eas
2080 2952 2304 3032 attuli,
2368 2969 2551 3032 quae
2614 2952 2684 3014 in
2749 2953 3101 3033 capitibus
3148 2953 3318 3017 inde
3367 2972 3410 3016 a

631 3061 857 3143 primo
916 3078 1135 3141 usque
1199 3059 1292 3123 ad
1348 3059 1760 3122 vicesimum
1821 3058 2294 3122 inveniuntur.
2390 3058 2725 3123 Videmus
2786 3078 2878 3123 ex
2941 3059 3066 3140 his,
3123 3059 3194 3123 M
3245 3066 3318 3124 et
3363 3059 3408 3124 S

630 3166 1090 3231 multifariam
1137 3166 1321 3230 inter
1367 3185 1442 3230 se
1491 3166 1915 3248 discrepare,
1966 3184 2128 3230 cum
2176 3171 2471 3248 uterque
2513 3167 2603 3230 sit
2643 3174 2714 3230 et
2756 3172 3128 3248 corruptus
3170 3169 3408 3249 negle-

631 3273 877 3355 gentia
936 3273 1206 3336 librarii
1267 3279 1338 3337 et
1398 3274 1862 3355 interpolatus
1925 3272 2153 3336 studio
2217 3274 2366 3337 eius
2424 3275 2941 3339 emendatorio:
3003 3292 3224 3356 quare
3277 3275 3408 3339 has

634 3380 1066 3444 differentias
1113 3380 1297 3443 inter
1344 3379 1411 3442 M
1444 3385 1514 3444 et
1545 3379 1590 3444 S
1633 3385 1993 3443 exstantes
2036 3379 2272 3442 distuli
2313 3380 2384 3443 in
2427 3381 2736 3462 quinque
2779 3381 3068 3461 indiceS‚
3104 3400 3402 3463 quorum

631 3487 858 3568 primo
906 3486 1320 3567 videbimuS‚
1379 3503 1685 3567 quonam
1741 3488 1896 3552 loco
1945 3487 2013 3549 M
2060 3487 2150 3550 sit
2206 3492 2577 3568 corruptus
2635 3487 2880 3552 codice
2928 3487 2974 3553 S
3022 3489 3404 3553 exhibente

632 3594 1004 3672 vulgatam
1054 3593 1521 3674 traditionem,
1571 3593 1900 3675 secund0‚
1952 3594 2239 3657 ubinam
2297 3593 2364 3656 M
2421 3594 2510 3657 sit
2570 3594 3058 3676 interpolatuS‚
3125 3595 3170 3660 S
3229 3614 3404 3661 vero

632 3703 929 3780 integer,
975 3700 1200 3779 tertio,
1244 3700 1531 3764 ubinam
1562 3699 1607 3764 S
1639 3700 1728 3763 sit
1770 3706 2160 3781 corruthS‚
2203 3706 2442 3764 tuente
2475 3700 2544 3763 M
2578 3701 2955 3765 lectionem
2996 3703 3402 3783 genuinam,

633 3810 906 3887 quarto,
958 3806 1245 3869 ubinam
1291 3809 1336 3870 S
1385 3807 1658 3871 laboret
1703 3807 2247 3888 interpolatione
2297 3811 2366 3870 et
2415 3825 2573 3870 eam
2621 3809 2709 3871 ob
2758 3826 2910 3871 rem
2958 3808 3315 3890 discrepet
3362 3828 3406 3872 a

633 3913 879 3977 codice
927 3913 995 3975 M
1044 3913 1338 3992 integro,
1435 3913 1833 3995 Sequuntur
1895 3913 2195 3994 denique
2257 3913 2304 3975 ii
2364 3914 2522 3995 loci,
2576 3914 2693 3977 ubi
2740 3919 2813 3978 et
2859 3914 2928 3977 M
2977 3920 3048 3978 et
3094 3915 3139 3980 S
3188 3916 3408 3980 inter-

634 4020 856 4101 polati
904 4024 1066 4082 sunt
1114 4026 1236 4083 aut
1284 4021 1615 4100 corrupti.

2041 4197 2098 4263 Ῑ.

984 4322 1070 4387 Μ
1105 4340 1277 4388 cor-
1483 4321 1537 4389 S
1583 4323 1809 4389 lectio
2377 4321 2466 4387 M
2501 4340 2673 4389 cor-
2910 4322 2964 4390 S
3014 4287 3254 4390 lectio.

999 4436 1269 4513 ruptus
1486 4430 1806 4515 vulgata
2397 4436 2669 4513 ruptus
2915 4432 3236 4517 vulgata

746 4572 778 4634 I
800 4579 829 4634 1
844 4580 874 4634 1
960 4577 1236 4651 pontiam
1474 4577 1825 4652 ponthicum
2198 4579 2228 4635 1
2241 4580 2275 4636 6
2368 4578 2670 4636 isrenones
2883 4578 3214 4636 istaenones

717 4678 782 4740 Π
845 4685 874 4740 1
972 4684 1270 4757 imliyenes
1483 4684 1792 4758 indiyenas
2196 4685 2276 4742 22
2372 4685 2611 4758 tunyari
2889 4685 3090 4759 tunyri

841 4793 876 4848 5
970 4791 1125 4847 roris
1482 4791 1638 4849 raris
2081 4786 2178 4850 IV
2239 4793 2268 4850 1
2366 4791 2756 4866 oponionibus
2881 4791 3264 4867 opinionibus

799 4898 876 4955 12
972 4897 1265 4954 bis-bouem
1484 4897 1844 4955 thuisconem
2197 4898 2275 4955 10
2368 4897 2490 4955 solo
2536 4898 2621 4955 ire
2880 4897 3065 4956 solove
