3509 5600
1792 391 2234 452 -36-

628 582 1016 664 posteriore
1083 582 1239 645 loco
1306 572 1926 660 notatas‘attinet,
1996 581 2372 644 dolendum
2440 586 2572 661 est,
2642 581 2827 662 quod
2893 600 3032 644 non
3091 581 3399 643 omnium

630 690 953 754 codicum
996 688 1422 751 deteriorum
1457 689 1573 750 vel
1617 688 2002 751 editionum
2045 689 2519 769 antiquiorum
2560 689 2900 753 lectiones
2933 689 3198 770 publici
3234 689 3398 752 iuris

628 797 865 860 factae
914 800 1094 873 sunt,
1145 802 1213 860 et
1258 795 1348 858 ad
1391 795 1569 859 tales
1612 795 2181 875 comparationes
2230 796 2384 858 sola
2432 814 2558 857 nos
2602 794 2897 858 adiuvat
2938 795 3149 858 editio
3186 796 3396 858 Mass-

630 903 1015 966 manniana
1062 920 1201 965 non
1244 920 1523 983 semper
1563 902 1698 965 fide
1735 901 1982 981 digna:
2028 902 2472 965 consentiunt
2507 901 2692 964 enim
2726 901 3109 964 nonnullae
3145 902 3394 964 harum

631 1021 1196 1074 correcturarum
1272 1028 1431 1073 cum
1503 1009 1941 1086 lectionibUS,
2018 1027 2199 1090 quae
2276 1009 2663 1074 secundum
2741 1010 3270 1073 Massmannum
3335 1012 3400 1073 in

628 1118 793 1180 solis
842 1116 1083 1197 primis
1131 1115 1552 1180 editionibus
1600 1118 1712 1180 vel
1763 1115 1834 1178 in
1884 1116 2278 1179 deterrimis
2312 1116 2647 1179 Italorum
2692 1116 3052 1181 codicibus
3096 1126 3401 1197 exstant,

630 1229 703 1286 ut
738 1223 912 1285 XL7
960 1223 1284 1300 hev-thum,
1329 1222 1578 1286 XL116
1604 1225 1949 1308 per-qitzar:
1996 1241 2224 1304 neque
2267 1242 2449 1304 quae
2488 1224 2695 1286 hodie
2739 1231 2845 1288 est
2878 1225 3125 1287 notitia
3161 1229 3404 1288 nostra

631 1331 874 1392 talium
926 1329 1283 1409 librorum,
1335 1329 1768 1410 investigare
1816 1348 2203 1411 possumus,
2255 1331 2483 1411 qualis
2530 1332 2619 1393 sit
2667 1349 2891 1394 nexus
2937 1332 3119 1394 inter
3173 1350 3296 1394 eos
3340 1335 3405 1394 et

628 1456 910 1500 manum
969 1436 1082 1518 H2.
1178 1436 1311 1499 Sed
1372 1436 1725 1498 affirmare
1784 1436 2042 1515 licebit,
2104 1436 2231 1499 has
2292 1445 2737 1501 correcturas
2785 1438 2874 1521 H,
2937 1457 3188 1501 manus
3250 1456 3403 1501 esse

628 1544 1096 1623 coniecturas,
1156 1561 1278 1605 seu
1335 1542 1553 1604 falsas
1611 1543 2003 1624 (XX1X21)
2069 1561 2188 1605 seu
2261 1561 2470 1606 veras
2526 1544 2678 1624 (XL
2701 1549 2790 1626 1),
2862 1563 2949 1607 ex
3009 1533 3404 1626 archetypo

631 1651 896 1715 codicis
943 1650 1010 1712 H
1057 1668 1193 1711 non
1247 1649 1587 1711 deductas
1630 1667 1928 1729 eamque
1974 1651 2061 1711 ob
2105 1668 2253 1712 rem
2297 1650 2553 1713 nullius
2596 1652 2803 1730 pretii
2836 1652 2904 1713 in
2942 1651 3403 1714 aestimandis

629 1759 778 1821 eius
827 1757 1266 1820 lectionibus,

804 1881 1066 1959 Restat,
1120 1884 1192 1942 ut
1239 1898 1473 1960 pauca
1523 1879 1751 1943 dicam
1804 1879 1889 1941 de
1941 1880 2212 1942 duabus
2260 1880 2677 1943 lectionibus
2729 1882 2990 1945 codicis
3049 1883 3273 1945 nostri
3336 1887 3403 1945 et

630 2007 874 2052 earum
926 1987 1367 2065 correcturis„
1420 1986 1505 2048 de
1555 1986 1808 2066 capitis
1850 1986 2157 2048 XXVIII
2191 2004 2403 2049 versu
2452 1993 2528 2052 16
2565 1994 2635 2049 et
2669 1994 2771 2067 21,
2821 1989 2936 2051 ubi
2979 1988 3404 2051 Nerviorum

632 2102 702 2158 et
760 2095 1094 2157 Ubiorum
1156 2100 1795 2157 commemorantur
1854 2097 2119 2172 gentes.
2215 2092 2595 2173 Longolius
2653 2113 2897 2157 earum
2955 2096 3246 2158 nomina
3306 2096 3407 2158 sic

632 2204 935 2283 profert:
1012 2200 1269 2279 Nervii,
1330 2220 1371 2261 a
1430 2221 1515 2261 m.
1574 2220 1701 2261 ree.
1801 2200 2043 2262 Neruli
2111 2206 2181 2261 et
2248 2201 2369 2280 (ed.
2442 2200 2657 2264 Lotth„
2746 2202 2924 2279 Ubii)
3000 2223 3040 2264 a
3117 2223 3243 2264 sec.
3327 2224 3405 2264 m.

630 2310 867 2387 Numi,
936 2314 1313 2389 praeterea
1397 2309 1606 2370 rubro
1691 2308 1962 2387 liquore
2048 2308 2244 2370 addit
2323 2309 2595 2389 Nerulz',
2675 2309 2929 2372 Nubii:
3009 2309 3298 2389 iamque
3369 2327 3406 2372 e

633 2416 966 2495 Sellingio
1024 2415 1282 2478 scimus
1341 2419 1600 2495 (progr.
1663 2433 1729 2495 p.
1792 2421 1900 2494 25)
1966 2416 2038 2477 in
2108 2416 2328 2478 codice
2385 2416 2853 2479 Hummeliano
2913 2417 3190 2478 nomina
3245 2437 3407 2497 pro-

621 2524 790 2605 pria
840 2523 1259 2604 *populorum
1320 2523 1391 2584 in
1456 2523 1760 2606 victry-ine
1824 2523 2080 2604 liquore
2143 2524 2349 2585 rubro
2408 2524 2717 2609 eadem⁴
2759 2544 3010 2584 manu
3069 2544 3203 2604 qua.
3257 2544 3408 2585 con-

632 2638 887 2692 temtum
934 2631 1286 2692 verborum
1336 2631 1688 2711 adscripta,
1734 2630 1968 2713 fuisse,
2024 2635 2093 2691 et
2144 2630 2294 2710 ipse
2343 2630 2607 2709 Selling
2659 2631 2884 2694 codici
2939 2629 3004 2691 H
3063 2629 3408 2692 lectiones

633 2738 895 2814 Nea-uli,
934 2738 1141 2800 Nubiz'
1187 2737 1523 2802 vindicat.
1587 2736 1721 2800 Res
1763 2737 1973 2816 igitur
2012 2737 2112 2799 ita
2161 2756 2234 2800 se
2275 2737 2509 2814 habet,
2553 2743 2624 2801 ut
2665 2739 2754 2801 ab
2791 2736 3039 2800 eadem
3075 2754 3294 2799 manu
3333 2737 3400 2798 in

632 2846 875 2909 codice
937 2844 1002 2906 H
1072 2846 1419 2907 exstiterit
1483 2846 1722 2906 Nervii
1788 2852 1857 2906 et
1920 2845 2183 2924 Ner-uli,
2250 2846 2458 2908 Nubiz·
2529 2853 2598 2908 et
2671 2846 2856 2920 Ubii.
2951 2844 3198 2924 Neque
3268 2845 3409 2906 iam

630 2953 765 3016 hoc
843 2953 997 3015 loco
1080 2951 1466 3014 diiudicare
1543 2969 1937 3031 possumuS,
2007 2957 2235 3013 utrum
2324 2959 2622 3032 utraque
2702 2935 2939 3015 lectio'
2993 2969 3083 3013 ex
3156 2951 3409 3014 arche-

632 3065 800 3141 typo
880 3063 1161 3139 sumpta
1239 3060 1354 3138 sit,
1435 3077 1526 3121 an
1604 3059 1833 3121 altera
1907 3097 1992 3104 ——
2070 3064 2139 3121 et
2218 3064 2377 3121 utra
2447 3098 2537 3107 —
2602 3059 3054 3123 coniecturae
3131 3056 3406 3121 librarii

637 3166 897 3229 codicis
948 3164 1424 3228 Hummeliani
1474 3165 1848 3228 debeatur:
1901 3182 2120 3244 quare
2169 3165 2251 3226 iis
2300 3183 2439 3226 non
2489 3166 2619 3227 nisi
2670 3165 3072 3228 cautissime
3121 3170 3412 3226 utamur

633 3272 938 3334 indolem
1039 3272 1302 3335 codicis
1401 3272 1618 3334 nostri
1718 3272 2175 3336 aestimaturi.
2298 3272 2374 3333 In
2479 3273 2882 3335 universum
2972 3290 3143 3334 vero
3219 3271 3412 3334 haec

633 3385 1019 3460 sequuntur
1068 3397 1155 3440 ex
1205 3378 1651 3459 inquisitione
1702 3379 1770 3439 in
1832 3384 2277 3442 correcturas
2336 3378 2599 3442 codicis
2646 3378 3120 3441 Hummeliani
3173 3378 3407 3445 facta:

633 3487 690 3549 si
740 3487 971 3565 agitur
1022 3486 1108 3547 de
1143 3486 1414 3564 origine
1458 3486 1606 3548 eius
1649 3504 1946 3566 eamque
1990 3486 2077 3548 ob
2122 3503 2271 3548 rem
2315 3485 2653 3565 imprimis
2698 3485 2784 3547 de
2832 3485 2914 3547 iis
2957 3484 3407 3565 lectionibuS,

637 3611 811 3673 quas
861 3592 1257 3654 exhibuerit
1306 3592 1770 3671 archetypum
1821 3592 1987 3669 eiuS,
2040 3591 2485 3654 adhibendae
2542 3595 2704 3654 sunt
2750 3591 2967 3671 ipsius
3018 3591 3404 3653 verborum

635 3705 1006 3763 contextus
1064 3699 1403 3761 lectiones
1460 3704 1530 3760 et
1588 3704 2039 3761 correcturae
2098 3700 2187 3759 ab
2246 3698 2396 3777 ipso
2456 3697 2743 3759 librario
2792 3697 3049 3776 factae,
3101 3696 3230 3758 nisi
3290 3698 3409 3760 ubi

635 3812 878 3886 aperte
936 3805 1415 3868 coniecturam
1475 3804 1784 3885 aliquam
1844 3804 2105 3866 addere
2161 3803 2476 3881 student;
2544 3803 2882 3868 lectiones
2939 3822 2983 3866 a
3038 3821 3252 3866 manu
3313 3803 3408 3887 H2

637 3918 977 3975 exaratae
1026 3911 1427 3974 reiciendae
1477 3915 1656 3988 sunt,
1708 3911 1875 3991 quia
1917 3911 2054 3972 alio
2098 3928 2186 3973 ex
2230 3910 2419 3972 fonte
2465 3909 2812 3973 deductae
2847 3910 3176 3973 videntur
3218 3929 3413 3991 esse3

633 4020 718 4082 de
786 4018 1200 4081 lectionibus
1270 4019 1456 4080 nubii
1526 4023 1595 4080 et
1678 4017 1898 4080 nerule’
1969 4023 2199 4079 utrum
2263 4017 2652 4098 archetypo
2719 4017 3110 4080 debeantur
3174 4035 3410 4081 necne

636 4124 941 4187 nondum
994 4128 1290 4187 constat.

812 4249 1103 4313 Statutis
1166 4249 1304 4312 hac
1365 4249 1636 4310 ratione
1700 4249 1917 4328 ipsius
1980 4248 2241 4311 codicis
2304 4248 2778 4311 Hummeliani
2844 4248 3263 4312 lectionibus
3318 4248 3409 4311 de

637 4356 905 4435 origine
955 4357 1123 4436 eius,
1183 4374 1390 4436 quam
1447 4354 1707 4417 Holder
1757 4354 2256 4419 Germanicam
2309 4374 2462 4418 esse
2518 4355 2899 4434 contendit,
2958 4373 3172 4434 agere
3237 4355 3416 4421 inci-

636 4463 928 4543 piamus,
1027 4461 1131 4525 De
1190 4463 1328 4526 hac
1383 4461 1672 4525 Holderi
1731 4461 2079 4542 opinione,
2141 4464 2229 4526 ab
2289 4463 2438 4543 ipso
2502 4463 2935 4543 argumentis
2999 4480 3134 4525 non
3201 4462 3411 4543 fulta,

634 4569 779 4649 egit
829 4568 1029 4630 -id
1093 4568 1278 4650 quod
1341 4568 1481 4631 iam
1543 4568 1613 4629 iu
1675 4567 2118 4648 praefatione
2182 4570 2732 4632 commemoravi
2788 4608 2876 4617 —
2931 4569 3414 4633 Baehrensius

638 4675 707 4737 iu
758 4675 1130 4738 annalibus
1172 4674 1614 4738 Fleckeiseni
1659 4693 1844 4737 anno
1885 4676 2053 4740 1880
2085 4692 2152 4754 p.
2182 4681 2308 4742 265
2342 4693 2515 4756 sqq.,
2552 4676 2669 4756 qui
2701 4676 3086 4740 Holderum
3120 4682 3414 4740 secutus

645 4785 716 4844 et
773 4782 920 4862 ipse
971 4782 1286 4844 codicem
1343 4780 1914 4843 Hummelianum
1972 4799 2112 4843 non
2170 4799 2259 4844 ex
2309 4783 2722 4864 apographo
2773 4782 3233 4847 Henochiano
3289 4783 3409 4866 (J),

634 4889 758 4951 sed
807 4893 1006 4951 recta
1054 4889 1174 4950 via
1221 4905 1309 4950 ex
1362 4887 1750 4968 archetypo
1800 4888 1919 4949 illo
1970 4886 2392 4952 Germanico
2426 4888 2536 4971 (O)
2586 4889 3031 4954 descendisse
3076 4889 3409 4955 affirmat.
