3509 5600
1228 362 1709 445 '—-77—

125 576 629 659 Orthographia
691 581 848 640 erat
912 575 1195 639 minime
1260 577 1448 639 bona
1511 585 1633 638 aut
1694 579 2064 639 constante
2119 573 2445 655 scriptus,
2497 574 2875 638 laborabat

123 683 765 765 interpolationibus
822 683 1045 766 (11113
1096 683 1440 752 incolatur
1487 700 1616 764 pro
1663 683 2006 761 incolitur,
2056 682 2243 747 XII5
2302 684 2581 766 insuper
2628 690 2689 746 et
2745 701 2876 765 pro

121 792 396 874 insuper,
445 790 683 854 multis
732 789 914 872 aliis)
962 794 1034 853 et
1081 790 1500 871 corruptelis
1549 790 1665 870 (cf.
1714 808 1841 854 sex
1889 789 2048 853 illas
2096 790 2436 854 lectiones
2483 808 2550 871 p.
2590 795 2670 856 72
2720 808 2877 870 pro-

122 899 329 979 latas).
423 897 481 960 Ε
530 897 658 961 tali
707 897 952 962 codice
1010 897 1348 978 exscripti
1397 902 1561 960 sunt
1608 897 1890 962 codices
1937 896 1999 960 V
2045 903 2116 960 et
2159 896 2253 961 H:
2306 897 2387 977 V,
2440 897 2877 977 elegantiam

125 1005 457 1087 quandam
523 1004 922 1084 adfectanS,
989 1004 1663 1085 superscriptionem
1723 1009 1795 1067 et
1854 1004 2442 1085 subscriptionem
2508 1004 2874 1085 exhibens,

122 1113 300 1175 initia
343 1112 691 1175 maiorum
732 1111 1038 1193 partium
1080 1111 1404 1176 indicans
1449 1117 1520 1174 et
1551 1110 1904 1174 interdum
1937 1111 2201 1192 primas
2234 1110 2482 1174 horum
2515 1111 2876 1173 initiorum

118 1219 370 1285 litteras
435 1236 577 1281 non
642 1218 956 1299 explens,
1029 1217 1289 1299 quippe
1361 1235 1545 1299 quae
1613 1222 1864 1298 postea
1932 1215 2373 1282 artificiosius
2452 1217 2876 1282 scribendae

123 1332 367 1406 essent3
432 1324 500 1389 H
552 1325 742 1389 haud
798 1325 900 1388 ita
954 1325 1322 1405 eleganter
1378 1324 1764 1388 instructus
1819 1316 2006 1387 erat:
2075 1323 2369 1387 deerant
2435 1325 2497 1387 ei
2567 1328 2875 1388 testante

22 1462 23 1515 ;
122 1431 497 1495 Hummelio
555 1431 760 1512 signa
816 1431 1129 1513 capitum
1190 1431 1601 1512 ineuntium,
1672 1432 1875 1511 tituli,
1934 1431 2208 1494 similia.
2304 1430 2604 1493 Textum
2664 1449 2878 1512 quem

22 1530 23 1553 *
126 1556 441 1602 vocamus
491 1543 788 1619 uterque
837 1538 1063 1602 codex
1111 1538 1492 1601 emendare
1534 1538 1820 1618 studuit,
1860 1538 1961 1600 ita
2000 1543 2075 1600 ut
2112 1537 2692 1619 interpolationes
2734 1556 2879 1600 una

22 1624 25 1677 ¹·
122 1663 262 1709 cum
321 1645 742 1727 corruptelis
802 1645 873 1706 in
938 1643 1298 1708 codicibus
1356 1642 1421 1706 H
1484 1649 1555 1707 et
1605 1643 1667 1706 V
1727 1644 1942 1708 etiam
1999 1643 2299 1725 amplius
2356 1650 2875 1724 grassarentur,

22 1764 23 1847 l
123 1768 312 1832 quam
385 1753 458 1815 in
535 1752 780 1816 codice
853 1756 909 1819 δ.
1022 1750 1130 1814 De
1197 1751 1626 1815 correcturis
1701 1751 2033 1832 denique,
2101 1769 2277 1832 quas
2342 1752 2532 1832 passi
2598 1751 2738 1814 sint
2803 1750 2878 1813 hi

22 1876 25 1935 ζ
123 1860 398 1941 codiceS,
451 1877 670 1941 supra
718 1859 859 1922 iam
907 1860 1078 1922 satis
1127 1858 1448 1923 diximus,

277 2020 592 2102 Cumque
640 2021 742 2084 ita
791 2022 877 2085 de
925 2021 1291 2103 prognatis
1351 2021 1615 2085 codicis
1671 2024 1710 2087 δ
1767 2034 2003 2084 actum
2060 2020 2168 2099 sit,
2226 2020 2367 2082 iam
2427 2018 2517 2081 ad
2568 2021 2871 2096 agnatos

118 2134 543 2191 transeamus
606 2145 1191 2210 quaeramusque,
1256 2146 1635 2210 quemnam
1694 2129 1927 2192 locum
1990 2127 2173 2190 inter
2235 2127 2541 2206 reliquos
2590 2124 2874 2188 codices

22 2276 23 2319 3
115 2242 400 2316 occupet
457 2239 513 2302 ὁ.
611 2234 815 2316 Quod
884 2239 958 2298 ut
1022 2235 1270 2299 melius
1337 2235 1578 2299 facere
1644 2235 2009 2315 possimus,
2077 2220 2366 2298 necesse
2434 2236 2559 2310 est,
2629 2249 2873 2294 omnes

22 2344 25 2355 '
122 2339 455 2422 lectiones,
530 2360 706 2424 quas
778 2346 1015 2405 nostro
1076 2343 1227 2405 iure
1299 2342 1528 2406 codici
1590 2346 1629 2409 ὁ
1692 2341 2001 2405 tribuere
2065 2359 2192 2403 nos
2253 2358 2457 2421 posse
2524 2344 2874 2419 putamus,

22 2464 25 2513 ὲ
115 2448 434 2529 colligere
525 2455 596 2512 et
673 2468 1114 2531 percensere.
1234 2449 1619 2530 Plerasque
1694 2448 1900 2511 attuli
1985 2448 2057 2510 in
2138 2447 2596 2511 collationum
2669 2444 2874 2506 huius

125 2556 354 2635 capitis
397 2557 729 2621 columna
770 2560 1060 2638 quarta3
1111 2556 1463 2621 accedunt
1508 2556 1846 2620 lectiones
1879 2574 1924 2618 a
1956 2561 2357 2620 correctore
2392 2553 2476 2634 V,
2515 2550 2875 2614 exhibitae

113 2668 202 2742 -(p.
245 2668 342 2729 73.
392 2669 520 2745 74),
581 2664 816 2745 quoad
864 2682 1002 2727 non
1064 2672 1225 2726 sunt
1274 2663 1772 2744 interpolatae,
1834 2667 1903 2725 et
1965 2661 2324 2739 lectioneS‚
2381 2660 2449 2722 in
2511 2659 2763 2740 quibus
2813 2656 2877 2720 V

116 2767 459 2853 ¹discrepat
490 2789 534 2834 a
564 2771 808 2835 codice
841 2770 906 2834 H
937 2775 1007 2835 et
1037 2769 1101 2834 H
1132 2789 1175 2834 a
1200 2769 1261 2832 V
1288 2770 1717 2852 interpolato
1757 2773 1828 2833 et
1867 2772 2197 2849 corrupto
2229 2767 2599 2848 vulgatam
2637 2765 2878 2829 lectio-

128 2893 269 2939 nem
316 2877 660 2941 exhibens
708 2883 800 2960 (p.
846 2884 947 2944 70.
993 2883 1128 2959 71);
1179 2878 1562 2940 nonnullae
1612 2876 1824 2940 etiam
1875 2876 2040 2939 addi
2079 2881 2368 2957 possunt
2406 2874 2748 2937 lectiones
2787 2889 2879 2934 ex

117 2983 266 3046 ‚aliis
303 2984 626 3049 codicum
672 2984 1312 3066 comparandorum
1350 2983 1733 3065 principiis,
1770 2985 1894 3046 secl
1928 2983 2057 3045 has
2086 2982 2424 3046 lectiones
2455 2981 2875 3043 suffecturas

126 3107 260 3154 esse
317 3097 507 3172 puto,
567 3092 900 3172 quoniam
957 3110 1047 3154 ex
1103 3091 1239 3156 hoc
1306 3091 1551 3155 codice
1622 3091 1969 3153 deteriore
2035 3089 2305 3153 fructus
2371 3106 2509 3150 non
2576 3087 2875 3149 multum

128 3197 597 3278 percipiemus
660 3198 894 3279 Atque
943 3199 1085 3262 iam
1143 3217 1590 3280 quaeramus,
1645 3197 1991 3279 quomodo
2052 3196 2158 3259 his
2217 3194 2635 3259 lectionibus
2687 3192 2879 3255 adiu-

126 3319 355 3367 vemur
404 3305 494 3368 ad
539 3305 857 3369 codicem
898 3309 1210 3368 nostrum
1254 3323 1377 3368 suo
1420 3305 1577 3368 loco
1620 3305 1687 3367 in
1727 3304 2051 3368 codicum
2084 3302 2326 3366 ordine
2361 3299 2877 3366 collocandum.

114 3407 419 3492 Cumque
470 3430 592 3475 eas
640 3412 1144 3493 perlustrarem
1188 3452 1274 3460 —
1318 3412 1725 3476 adscribere
1773 3412 1933 3474 illas
1983 3410 2208 3473 denuo
2254 3427 2414 3472 cum
2458 3406 2879 3471 lectionibus

127 3518 416 3598 vulgatis
442 3524 895 3600 comparatas
921 3519 1132 3599 nolui,
1162 3537 1248 3581 ne
1276 3518 1771 3582 collationibus
1797 3517 2000 3580 nimis
2025 3517 2401 3595 fatigarem
2427 3515 2766 3577 lectorem
2797 3552 2878 3560 —

128 3626 600 3715 animadverti,
665 3626 849 3689 idem
914 3627 1054 3688 iam
1117 3626 1346 3690 codici
1397 3629 1436 3692 ὁ
1484 3625 1826 3703 evenisse,
1890 3623 2076 3705 quod
2142 3621 2556 3704 apographo
2615 3619 2764 3681 eius
2811 3617 2879 3680 H

130 3748 236 3794 usu
307 3734 537 3797 venit:
611 3733 899 3796 exhibet
968 3733 1154 3795 enim
1219 3736 1289 3795 et
1356 3731 1681 3796 codicum
1746 3731 1868 3794 AB
1938 3736 2008 3793 et
2074 3729 2192 3794 OD
2259 3729 2619 3807 lectioneS,
2694 3743 2878 3806 quae

127 3840 387 3921 saepius
454 3839 903 3921 consentiunt
967 3857 1127 3903 cum
1195 3839 1614 3902 lectionibus
1681 3838 1944 3902 codicis
2000 3836 2066 3899 H
2122 3855 2187 3917 p.
2242 3842 2347 3902 43.
2410 3841 2493 3900 44
2553 3833 2877 3912 enotatis,

124 3946 469 4029 primoque
536 3948 779 4011 obtutu
845 3946 1192 4010 difficilius
1253 3945 1651 4025 videbatur,
1717 3953 1987 4008 certum
2053 3943 2139 4006 de
2202 3944 2340 4006 hac
2402 3960 2478 4003 re
2543 3940 2880 4003 iudicium

125 4052 307 4116 ferre.
372 4054 510 4118 Sed
557 4072 723 4117 mox
769 4054 1107 4134 intellexi,
1157 4071 1305 4116 rem
1354 4053 1458 4115 ita
1505 4052 1851 4133 explicari
1895 4070 2032 4113 non
2077 4069 2300 4132 posse,
2345 4056 2421 4112 ut
2463 4053 2500 4115 ὁ
2534 4048 2877 4127 originem

125 4174 240 4221 non
291 4180 328 4224 e
377 4161 446 4223 X
485 4162 607 4224 vel
647 4160 711 4223 Y
757 4161 881 4225 sed
930 4180 968 4224 e
1019 4161 1222 4224 tertio
1282 4159 1592 4241 quodam
1650 4159 2065 4240 apographo
2124 4157 2386 4221 codicis
2435 4152 2880 4218 Henochiani

127 4264 386 4331 duxisse
414 4267 1026 4332 contenderemus:
1065 4266 1311 4349 quodsi
1348 4267 1449 4329 ita
1475 4272 1678 4345 esset,
1706 4267 1925 4328 multo
1952 4266 2190 4346 plures
2217 4264 2512 4326 haberet
2539 4262 2880 4326 lectiones

125 4375 428 4455 proprias
489 4391 720 4456 neque
783 4375 1211 4438 consentiret
1272 4372 1626 4436 interdum
1685 4391 1845 4436 cum
1902 4372 2206 4436 lectione
2268 4369 2530 4433 codicis
2580 4369 2880 4431 alicuius

125 4481 377 4560 vulgati
427 4489 673 4562 aperte
720 4481 1123 4562 interpolati
1168 4522 1253 4530 —-
1301 4481 1501 4544 cuius
1550 4480 1651 4543 rei
1701 4480 2031 4561 exempla
2077 4463 2360 4560 praesto
2411 4482 2616 4538 erunt
2664 4474 2879 4555 paulo

124 4585 307 4665 infra,
358 4589 416 4651 si
465 4591 504 4654 δ
551 4606 711 4652 cum
761 4588 1005 4652 codice
1055 4586 1108 4651 O
1157 4587 1749 4668 comparabimus.
1845 4586 2088 4667 Neque
2153 4604 2241 4648 ea
2302 4585 2441 4664 via,
2507 4600 2718 4664 quam
2781 4582 2879 4643 in-

124 4709 386 4770 gressus
413 4700 522 4758 est
548 4694 942 4774 Schefczik,
967 4694 1136 4757 mihi
1161 4693 1451 4775 placuit,
1483 4693 1602 4774 qui
1627 4692 1764 4757 hoc
1793 4698 2091 4756 stemma
2125 4691 2446 4755 codicum
2482 4695 2880 4752 nostrorum

104 4802 305 4866 anobis
353 4802 684 4884 proponit
732 4805 825 4884 (p.
865 4804 1000 4883 10):
