3509 5600
1805 375 2242 435 -44-

1591 564 1739 630 AB
2600 568 2734 635 CD

979 705 1173 768 XLV
1229 713 1267 768 4
1485 718 1681 769 ortum
2451 721 2614 772 ortus
2660 715 2718 773 H

1490 796 1831 895 formet-sque
1877 820 1932 877 H
2446 822 2676 897 formas

983 918 1175 981 XLV
1234 926 1269 983 9
1487 926 1810 983 abluuntur
2446 929 2772 986 adluuntur
2814 929 2872 986 H

1194 1033 1271 1090 19
1486 1033 1690 1106 yiynat
1736 1033 1793 1090 H
2445 1036 2637 1109 yiynit

1190 1141 1270 1197 36
1486 1158 1629 1213 {lens
2439 1148 2635 1216 ,qantos
2682 1144 2736 1201 H

1191 1247 1269 1303 37
1490 1247 1766 1322 diffmmt
2446 1249 2800 1325 differuntur
2844 1251 2902 1308 H

809 1455 1010 1536 Quae
1060 1473 1219 1519 cum
1260 1454 1360 1516 ita
1401 1454 1558 1530 sint,
1609 1454 2038 1517 Baehrensio
2083 1454 2615 1519 concedendum
2659 1462 2763 1519 est
2806 1457 3125 1522 codicem
3158 1458 3222 1520 H
3266 1478 3391 1522 non

630 1565 749 1627 AB
800 1577 921 1626 aut
970 1561 1088 1626 OD
1147 1579 1369 1641 genus
1427 1561 1747 1624 omnibus
1805 1561 1978 1625 locis
2034 1561 2262 1642 sequi,
2330 1562 2454 1626 sed
2520 1581 2610 1625 ex
2671 1563 3029 1645 utriusque
3088 1566 3392 1629 familiae

629 1670 1046 1735 lectionibus
1103 1687 1266 1732 suas
1325 1668 1649 1747 elegisse:
1710 1668 2073 1748 quaeritur
2122 1669 2282 1748 iam,
2333 1688 2497 1732 num
2548 1688 2638 1733 ex
2689 1669 2824 1735 hac
2872 1689 2948 1733 re
2998 1672 3392 1736 necessario

632 1776 1196 1844 concludendum
1230 1777 1318 1838 sit
1352 1776 1669 1839 codicem
1703 1782 2016 1838 nostrum
2055 1794 2193 1838 non
2227 1794 2316 1839 ex
2359 1778 2604 1840 eodem
2648 1777 2861 1856 fonte,
2897 1796 3035 1859 quo
3070 1779 3392 1860 reliqu08‚

632 1886 975 1965 originem
1025 1884 1325 1946 duxisse.
1400 1883 1630 1963 Atque
1678 1883 1979 1964 primum
2029 1883 2308 1963 quidem
2360 1885 2630 1947 moneri
2676 1889 2928 1965 potest,
2980 1885 3394 1949 lectionibus

630 1992 893 2056 codicis
928 1990 991 2053 H
1039 1989 1252 2052 solius
1301 1990 1602 2070 propriis
1651 1990 1805 2051 veri
1854 1989 2150 2052 similem
2200 1990 2387 2054 hanc
2429 1990 2910 2054 coniecturam
2952 1991 3223 2055 factam
3269 2009 3396 2054 non

631 2118 804 2179 esse,
855 2116 1074 2179 quare
1125 2098 1336 2160 etiam
1386 2097 1524 2161 hac
1572 2098 1640 2158 in
1684 2115 1761 2159 re
1805 2114 1944 2158 non
1989 2098 2119 2160 nisi
2163 2097 2680 2161 necessitudine
2723 2098 2954 2162 coacti
2988 2098 3310 2161 codicem
3341 2096 3399 2160 H

632 2226 721 2270 ex
783 2205 1105 2268 Henochi
1170 2204 1582 2284 apographo
1646 2222 1785 2266 non
1852 2204 2163 2284 pendere
2225 2209 2631 2267 statuemus.
2727 2204 2864 2269 Sed
2927 2204 3202 2267 duabus
3254 2205 3401 2268 aliis
3507 2192 3508 2229 l

632 2313 1021 2376 rationibus
1069 2311 1256 2373 hanc
1305 2311 1568 2374 codicis
1619 2311 1834 2373 nostri
1883 2311 2431 2374 inconstantiam
2480 2312 2549 2374 in
2600 2311 2943 2391 eligendis
2984 2311 3403 2376 lectionibus

632 2419 974 2500 explicari
1040 2436 1243 2498 posse
1307 2428 1509 2498 put03
1576 2427 1697 2479 aut
1758 2418 1943 2480 enim
2009 2416 2474 2498 archetypum
2533 2417 2683 2480 eius
2741 2436 2999 2480 revera
3044 2418 3403 2499 pendebat

634 2546 724 2590 ex
788 2524 1201 2605 apographo
1264 2523 1747 2604 HenochianO,
1811 2523 1935 2586 sed
1999 2542 2138 2585 non
2187 2542 2225 2586 e
2276 2523 2634 2587 codicibus
2697 2524 2834 2587 illis
2882 2524 2946 2586 X
3006 2530 3129 2586 aut
3177 2524 3241 2587 Y
3291 2524 3402 2607 (cf.

633 2632 1149 2715 praefationem
1183 2650 1227 2693 a
1269 2629 1598 2694 Michaeli
1647 2629 1920 2692 edendo
1971 2629 2252 2709 dialogo
2302 2631 2811 2711 praemissam),
2861 2631 3070 2693 immo
3116 2649 3154 2694 e
3196 2631 3403 2694 tertio

634 2739 937 2821 quodam
986 2737 1230 2801 codice
1292 2746 1491 2800 recta
1540 2737 1657 2800 via
1707 2755 1797 2800 ex
1845 2735 2164 2801 Henochi
2207 2737 2641 2826 *apographo
2707 2736 3216 2817 descendente3
3287 2742 3407 2801 aut

635 2847 1101 2926 archetypum
1165 2845 1391 2923 ipsum
1456 2843 1717 2907 codicis
1765 2843 1830 2905 H
1893 2862 1930 2906 e
1995 2844 2240 2907 codice
2304 2845 2583 2923 generis
2645 2844 2764 2907 AB
2821 2845 3000 2927 (sive
3049 2843 3197 2927 OD)
3250 2849 3407 2908 erat

635 2954 1065 3033 exscriptum
1128 2957 1198 3015 et
1261 2949 1645 3014 secundum
1715 2950 2210 3014 auctoritatem
2275 2951 2601 3015 codicum
2648 2949 2768 3015 OD
2831 2952 3008 3033 (sive
3058 2951 3206 3032 AB)
3258 2970 3406 3016 cor-

631 3066 937 3124 rectum:
989 3064 1201 3139 atque
1243 3060 1431 3123 hanc
1473 3059 1878 3140 explicandi
1927 3059 2114 3122 viam
2155 3059 2293 3121 iam
2340 3060 2489 3139 ipse
2532 3058 3002 3122 Baehrensius
3043 3059 3408 3138 ingressus

632 3173 755 3244 est,
793 3176 868 3228 ut
902 3166 1434 3242 demonstraret,
1480 3166 1828 3247 quomodo
1869 3167 2136 3229 factum
2179 3170 2383 3244 esset,
2436 3172 2509 3229 ut
2558 3166 3027 3247 archetypum
3075 3165 3407 3229 codicum

632 3274 701 3336 M
735 3278 804 3336 et
837 3273 880 3336 S
923 3277 1007 3358 (y)
1056 3272 1261 3334 modo
1311 3272 1633 3336 codicum
1683 3272 1801 3334 AB
1849 3272 2054 3334 modo
2105 3271 2224 3336 OD
2275 3272 2613 3336 lectiones
2661 3271 3050 3336 exhiberet.
3128 3270 3414 3335 Favent

634 3380 800 3442 huic
843 3379 1319 3459 explicationi,
1363 3384 1703 3459 quantum
1748 3378 1839 3441 ad
1874 3378 2191 3442 codicem
2224 3377 2288 3440 H
2323 3378 2593 3457 attinet,
2631 3378 2765 3441 duo
2800 3378 2899 3440 illi
2934 3378 3072 3441 loci
3105 3378 3310 3460 (XIII
3328 3386 3412 3442 14

635 3485 1011 3567 XXXVG),
1073 3486 1191 3549 ubi
1237 3485 1302 3547 H
1366 3485 1653 3548 alterius
1715 3485 1997 3564 generis
2058 3485 2434 3550 lectionem
2496 3487 2566 3547 in
2631 3490 2849 3565 textu,
2918 3485 3210 3548 alterius
3275 3503 3410 3566 pro

636 3593 842 3655 varia
889 3592 1192 3656 lectione
1242 3593 1310 3654 in
1360 3592 1680 3672 margine
1730 3592 2142 3654 adnotatam
2201 3592 2506 3656 exhibet.
2600 3591 2735 3655 Sed
2802 3597 2961 3654 utra
3020 3592 3414 3672 explicatio

637 3717 813 3762 vera
860 3699 967 3777 sit,
1018 3705 1163 3760 tum
1231 3698 1509 3761 demum
1574 3698 1962 3762 diiudicare
2011 3699 2413 3779 poterimus,
2464 3717 2624 3762 cum
2675 3698 2760 3762 de
2807 3698 2959 3779 ipso
3010 3698 3413 3779 archetypo

634 3806 843 3887 plura
905 3807 1363 3868 constabunt:
1427 3806 1562 3869 hoc
1620 3805 1776 3868 loco
1842 3805 2174 3869 iudicium
2223 3805 2531 3868 nondum
2579 3805 2889 3868 feramus
2937 3808 3008 3868 et
3055 3805 3125 3868 id
3175 3805 3414 3868 solum

632 3930 1063 3992 moneamuS‚
1115 3912 1265 3975 veri
1314 3912 1537 3975 simile
1588 3929 1721 3973 non
1789 3930 1940 3975 esse
2003 3911 2321 3976 codicem
2368 3911 2432 3974 H
2481 3912 2822 3991 originem
2872 3929 2962 3974 ex
3011 3912 3416 3992 archetypo

639 4019 757 4080 illo
806 4017 1138 4081 Fuldensi
1203 4025 1401 4082 recta
1448 4018 1568 4081 via
1631 4018 1912 4081 duxisse
1976 4026 2264 4098 propter
2329 4018 2759 4082 differentias
2822 4019 3005 4081 inter
3073 4018 3278 4080 illum-
3338 4028 3418 4082 et

636 4125 1172 4187 translationem
1206 4124 1270 4188 S.
1310 4124 1694 4187 Alexandri
1728 4129 2108 4203 exstantes,
2161 4142 2460 4204 quarum
2510 4143 2721 4187 unam
2768 4124 2911 4188 iam
2958 4143 3175 4205 supra
3223 4128 3413 4202 attu-

636 4230 841 4293 limus
923 4236 1014 4312 (p.
1080 4237 1160 4296 37
1223 4231 1338 4293 X4
1401 4239 1638 4294 temere
1687 4271 1770 4277 —
1822 4235 2085 4311 tenent),
2159 4231 2438 4295 accedit
2495 4231 2724 4294 altera
2778 4230 2978 4296 X19:
3036 4231 3153 4294 sed
3201 4232 3419 4295 etiam

638 4337 1169 4417 MeginharduS‚
1240 4338 1358 4400 sed
1429 4338 1639 4400 lectio
1702 4338 2014 4417 genuina
2071 4337 2161 4415 D,
2229 4337 2612 4400 omiserunt
2669 4336 2953 4402 ABCH.
3018 4376 3106 4385 —
3166 4336 3419 4417 Quare

637 4444 880 4506 iamin
916 4462 998 4505 eo
1040 4444 1594 4525 acquiescamuS‚
1637 4450 1711 4506 ut
1744 4443 2152 4522 Baehrensii
2204 4444 2429 4506 altero
2480 4448 2896 4523 argumento
2944 4444 3231 4507 minime
3282 4462 3420 4509 nos

639 4549 796 4630 cogi
847 4549 1182 4630 dicamuS‚
1234 4556 1309 4612 ut
1356 4550 1674 4615 codicem
1720 4551 1786 4613 H
1835 4569 1924 4613 ex
1974 4551 2365 4631 archetypo
2414 4551 2533 4613 illo
2582 4550 2914 4614 Fuldensi
2967 4556 3193 4613 ortum
3253 4569 3420 4617 esse

641 4661 1061 4731 statuamus:
1126 4657 1642 4721 accuratiorem
1698 4675 1871 4720 vero
1937 4647 2483 4738 disputationem
2547 4658 2632 4721 de
2693 4657 3083 4738 archetypo
3143 4656 3420 4723 codicis

637 4763 856 4826 nostri
905 4781 1232 4845 nexuque
1280 4763 1463 4827 inter
1512 4764 1708 4827 illum
1750 4770 1822 4827 et
1863 4764 2203 4827 Italorum
2246 4764 2527 4829 codices
2569 4763 3053 4827 intercedente
3095 4764 3419 4828 secundo

639 4870 855 4950 capiti
906 4887 1369 4934 reservemus,
