3509 5600
1273 1450 1828 1588 Caput
1938 1453 2702 1586 primurn.

804 1711 818 1751 ³
1484 1702 1600 1766 De
1650 1700 1910 1766 codice
1958 1699 2536 1765 HummelianO.

1834 1936 2151 1943 ..--————-

788 2114 1028 2178 Codex
1052 2112 1587 2176 Hummelianus
1613 2111 1727 2194 (H)
1763 2129 2013 2173 nomen
2053 2110 2351 2190 adeptus
2378 2114 2483 2172 est
2509 2128 2552 2171 a
2577 2107 2989 2172 Bernhardo
3017 2106 3383 2171 Friderico

614 2221 1003 2286 Hummelio
1051 2237 1473 2302 possessore,
1540 2219 1656 2300 qui
1707 2219 1975 2299 primus
2024 2216 2569 2297 descriptionem
2629 2222 2704 2278 ut
2760 2216 2898 2278 illis
2946 2215 3384 2295 temporibus

610 2329 1125 2394 accuratiorem
1184 2332 1254 2390 et
1312 2327 1687 2390 nonnullas
1744 2326 2084 2389 lectiones
2140 2326 2345 2388 huius
2401 2324 2862 2405 manuscripti
2921 2322 3248 2404 proprias
3297 2362 3387 2370 -—

611 2435 851 2501 collati
901 2454 1059 2499 cum
1110 2435 1414 2498 editione
1464 2434 1927 2510 Ditmariana‚
1977 2432 2304 2497 Francof.
2356 2432 2447 2494 ad
2481 2429 2720 2497 Viadr.
2761 2435 2929 2497 1749
2980 2470 3063 2478 —
3113 2428 3386 2510 publici

611 2544 780 2606 iuris
824 2544 992 2607 fecit
1034 2544 1102 2606 in
1146 2542 1588 2606 Bibliotheca
1635 2561 1765 2604 sua
1806 2542 2141 2605 librorum
2184 2558 2507 2603 rarorum
2552 2544 2622 2603 et
2663 2539 3010 2602 rariorum
3044 2537 3387 2620 (Norimb.

616 2654 829 2732 1776),
882 2657 1067 2713 tomo
1115 2650 1149 2713 Ι
1197 2668 1262 2731 p.
1314 2655 1440 2715 212
1490 2667 1670 2730 sqq.;
1726 2652 1977 2730 postea
2025 2648 2222 2728 quasi
2272 2646 2791 2728 praetereundo
2849 2645 3054 2708 huius
3118 2644 3390 2709 codicis

612 2758 1038 2821 mentionem
1109 2758 1278 2822 fecit
1349 2759 1415 2821 in
1491 2757 1931 2821 Bibliotheca
2009 2774 2138 2820 sua
2218 2755 2715 2836 antiquitatum
2790 2752 3388 2819 Germanicarum

611 2865 945 2947 (Norimb.
1002 2871 1195 2946 1787)
1244 2885 1308 2947 p.
1361 2872 1465 2932 41.
1551 2865 1929 2929 Hummelii
1980 2864 2161 2927 notis
2213 2868 2285 2926 ut
2332 2863 2572 2943 plures
2620 2861 2724 2925 usi
2774 2866 2936 2924 sunt
2983 2860 3119 2923 viri
3171 2860 3389 2940 docti,

610 2974 712 3035 ita
760 2973 972 3035 etiam
1021 2973 1071 3035 1.
1122 2972 1205 3035 D.
1265 2973 1645 3053 Longolius
1708 2972 1780 3034 in
1844 2969 2389 3053 programmatis
2452 2969 2593 3032 suis
2654 2966 2991 3032 Taciteis:
3057 2967 3181 3030 sed
3245 2968 3408 3047 hic,.

613 3097 772 3143 cum
820 3078 1197 3142 Hummelii
1248 3079 1792 3160 descriptionem
1841 3085 1911 3142 et
1970 3077 2421 3142 collationem
2486 3077 2811 3140 sufficere
2874 3094 3012 3138 non
3075 3078 3389 3155 putaret,

612 3207 651 3251 e
700 3188 952 3268 quibus
1001 3187 1334 3252 iudicium
1385 3187 1469 3250 de
1520 3188 1731 3250 totius
1781 3186 2043 3250 codicis
2091 3185 2326 3248 indole
2384 3184 2553 3247 ferri
2614 3188 2870 3265 posset,
2935 3183 3085 3263 ipse
3151 3181 3390 3245 denuo

616 3294 931 3358 codicem
992 3293 1561 3357 Hummelianum
1628 3293 1924 3358 contulit
1988 3294 2060 3356 in
2125 3293 2445 3372 margine
2516 3291 2944 3372 exemplaris
3016 3289 3392 3354 cuiusdam

613 3401 936 3466 editionis
984 3401 1489 3465 Lottheriauae
1547 3401 1757 3484 (Lips.
1815 3403 2038 3481 1509):
2098 3399 2284 3480 quod
2343 3400 2709 3479 exemplar
2766 3417 2955 3462 nunc
3014 3398 3082 3459 in
3139 3396 3394 3460 biblio·
3507 3433 3508 3446 κ

613 3509 825 3573 theca
873 3508 1160 3589 publica
1206 3508 1614 3571 Monacensi
1663 3508 2147 3571 adservatur.1

792 3614 1068 3679 Tertius
1119 3615 1436 3680 codicem
1484 3623 1798 3678 nostrum
1848 3615 2143 3704 contulit
2191 3613 2350 3678 Chr.
2401 3613 2668 3694 Selling
2726 3613 2795 3675 in
2855 3617 3395 3693 programmate

617 3723 729 3786 cui
816 3723 1172 3804 inscripsit
1254 3723 1763 3786 Observationes
1853 3723 2126 3784 criticae
2206 3723 2277 3784 in
2374 3718 2440 3785 C.
2528 3718 2823 3784 Cornelii
2913 3719 3133 3783 Taciti
3218 3719 3394 3783 Ger-

610 3831 913 3893 maniam
976 3831 1366 3913 (Augustae
1428 3830 1955 3894 Vindelicorum
2028 3846 2212 3892 anno
2282 3833 2471 3906 1830,
2528 3846 2593 3908 p.
2654 3833 2762 3911 32)
2833 3846 2992 3892 cum
3078 3825 3397 3891 editione
3507 3827 3508 3900 ζ

613 3936 945 4000 Teuberti
992 3938 1205 4019 (Lips.
1264 3941 1486 4018 1826):
1552 3941 1936 4016 acceperat
1997 3935 2054 3998 is
2117 3935 2433 3999 codicem
2497 3933 3067 3998 Hummelianum
3127 3951 3172 3995 a
3221 3932 3395 3998 Chr.

615 4043 741 4107 Th.
795 4044 875 4107 A.
926 4044 1463 4124 Dorfmueller0‚
1531 4050 1814 4125 pastore
1878 4047 1948 4107 et
2010 4043 2296 4106 scholae
2353 4042 2620 4105 latinae
2676 4046 2951 4105 rectore
3001 4039 3396 4121 Weidensi‚
3507 4043 3508 4056 ¹

620 4153 737 4233 qui
787 4151 1181 4215 hereditate
1230 4151 1419 4215 hunc
1468 4151 1787 4215 codicem
1834 4149 2267 4231 possidebat:
2332 4149 2457 4212 sed
2506 4149 2702 4224 cuius
2749 4148 2818 4210 in
2870 4146 3398 4228 possessionem

616 4263 865 4339 postea
911 4258 1336 4339 pervenerit,
1388 4257 1760 4337 nescimuS,
1820 4263 1889 4319 et
1946 4274 2103 4319 eam
2154 4257 2241 4319 ob
2290 4273 2439 4318 rem
2487 4254 2792 4335 suspicio
2842 4259 3000 4316 orta
3047 4259 3152 4316 est
3201 4252 3400 4319 inter

619 4365 808 4428 viros
859 4366 1120 4445 doctOS‚
1171 4365 1463 4446 periisse
1513 4365 1793 4427 omnino
1843 4363 2161 4427 codicem
2208 4363 2292 4426 H.

791 4472 1022 4554 Atque
1071 4490 1147 4536 re
1197 4490 1374 4543 vera
1422 4490 1513 4535 ex
1561 4471 1875 4550 Sellingii
1925 4471 2357 4551 temporibus
2389 4469 2453 4532 H
2494 4470 2565 4532 in
2609 4468 2927 4549 plurimis
2961 4466 3402 4533 editionibus

617 4586 1235 4655 commemoratur,
1308 4578 1431 4642 sed
1503 4596 1706 4641 nemo
1778 4595 2039 4641 novam
2120 4577 2267 4640 eius
2347 4576 2516 4640 fecit
2586 4575 3068 4653 collationem,
3141 4592 3402 4640 omnes

796 4795 820 4834 1
866 4816 1041 4874 quam
1095 4798 1467 4857 collationem
1520 4797 1582 4855 in
1635 4815 1810 4855 usum
1855 4816 2052 4855 meum
2098 4796 2412 4871 exscripsit
2455 4795 2826 4868 Heisenberg
2862 4794 3102 4866 amicus,
3142 4793 3238 4851 cui
3276 4794 3405 4855 hoc

617 4886 745 4946 loco
794 4887 1012 4962 gratias
1060 4888 1234 4945 huius
1281 4906 1420 4962 erga
1466 4905 1560 4946 me
1607 4886 2049 4945 benevolentiae
2096 4903 2271 4961 agere
2319 4885 2500 4943 iuvat.
