3509 5600
1808 372 2246 432 —24-

821 564 1166 628 Restituto
1217 563 1343 626 tali
1390 563 1594 626 modo
1646 582 1684 627 e
1733 563 1955 626 tribus
2004 562 2111 624 his
2160 561 2653 625 collationibus
2688 561 2933 625 codice
2967 560 3031 623 H
3066 580 3235 643 opus
3267 562 3379 625 iam

641 672 778 736 erit
826 671 912 734 de
964 677 1220 751 quarta
1266 670 1391 733 illa
1439 670 1816 733 collatione
1875 687 2111 749 agere,
2172 686 2313 749 qua
2369 668 2634 731 Holder
2684 687 2884 731 usum
2935 687 3010 732 se
3060 688 3210 732 esse
3256 688 3382 750 pro-

640 778 867 841 fessus
917 787 1023 840 est
1070 778 1141 839 in
1191 776 1941 841 communicationibus
1974 774 2504 838 Teubnerianis.
2575 775 2805 855 Quam
2857 794 3018 840 cum
3066 794 3377 857 nusquam

641 886 1007 966 repperire
1064 885 1467 965 potuissem,
1530 884 1756 965 ipsum
1820 881 2206 945 Holderum
2269 900 2397 963 per
2458 882 2732 945 litteras
2801 882 2962 962 adii,
3028 884 3166 964 qui,
3228 901 3382 964 quae

643 993 794 1056 eius
843 997 949 1055 est
997 991 1398 1054 humanitas
1450 995 1520 1054 et
1570 989 2086 1068 benevolentia,
2136 989 2373 1051 statim
2415 989 2582 1051 mihi
2619 990 3000 1070 respondit,
3037 990 3220 1053 effici
3253 1008 3383 1053 eam

641 1099 726 1162 iis
774 1099 1219 1177 correcturiS,
1270 1116 1445 1178 quas
1485 1099 1574 1161 ab
1620 1097 1849 1159 altera
1889 1113 2102 1158 manu
2144 1113 2393 1176 passus
2427 1100 2533 1158 est
2566 1095 2793 1159 codex
2826 1096 3382 1177 Stuttgartiensis.

643 1204 871 1286 Quem
937 1204 1252 1269 codicem
1321 1222 1481 1267 cum
1551 1205 1669 1266 illo
1742 1209 2059 1284 tempore
2130 1202 2455 1265 manibus
2526 1207 2861 1283 tenerem,
2927 1204 3074 1284 ipse
3140 1205 3384 1285 inspexi

640 1311 952 1392 mihique
1011 1316 1456 1375 correcturas
1514 1311 1671 1373 illas
1730 1311 1820 1373 ab
1880 1310 2108 1372 altera
2155 1327 2368 1371 manu
2417 1309 2647 1373 factas
2697 1349 2777 1357 —-
2830 1329 3043 1391 quam
3091 1312 3284 1390 signo
3328 1311 3387 1393 S,2

641 1419 1078 1498 signabimus
1142 1456 1228 1464 —-
1284 1417 1590 1480 enotavi.
1685 1415 1919 1496 Atque
1978 1415 2381 1479 accuratius
2454 1415 2736 1496 quidem
2812 1416 2898 1479 de
2974 1418 3113 1482 hac
3187 1420 3392 1481 altera

641 1524 907 1590 codicis
957 1524 1518 1603 Stuttgartiensis
1567 1541 1781 1585 manu
1829 1522 2016 1584 infra
2064 1520 2438 1584 dicendum
2497 1523 2657 1602 erit;
2719 1542 2906 1587 nunc
2954 1525 3091 1589 hoc
3140 1532 3390 1588 tantum

638 1650 928 1695 monere
977 1631 1209 1711 liceat,
1252 1629 1604 1710 duplicem
1653 1634 2131 1692 correcturam
2183 1627 2519 1691 exhibere
2562 1629 2880 1692 codicem
2923 1630 3392 1711 Stuttgartien-

639 1757 809 1819 sem,
861 1756 1161 1819 quarum
1209 1738 1436 1800 altera
1485 1737 1573 1798 ab
1624 1735 1774 1816 ipso
1824 1734 2112 1797 librario
2163 1735 2490 1797 confecta
2538 1741 2661 1815 est,
2714 1738 2912 1800 cuius
2961 1745 3392 1802 correcturae

641 1864 725 1909 eo
769 1851 1311 1925 cognoscuntur,
1356 1844 1542 1926 quod
1585 1845 1833 1907 eodem
1867 1848 2263 1906 atramento
2299 1849 2368 1905 et
2402 1844 2652 1906 eadem
2686 1845 3041 1926 scriptura
3074 1851 3396 1909 exaratae

641 1958 806 2016 sunt
854 1952 1104 2032 quibus
1153 1952 1302 2032 ipse
1338 1952 1713 2014 verborum
1755 1954 1977 2030 tenor,
2014 1950 2244 2012 altera
2284 1949 2657 2030 pallidiore
2694 1956 3091 2015 atramento
3128 1954 3390 2034 aliaque

639 2059 990 2140 scriptura
1043 2058 1334 2138 insignis
1383 2058 1594 2137 paulo
1644 2056 2012 2137 posteriori
2059 2057 2355 2137 tempori
2409 2056 2733 2121 debetur:
2788 2064 2858 2121 et
2900 2059 3088 2123 hanc
3132 2060 3391 2140 quidem

641 2166 940 2227 alteram
992 2172 1472 2228 correcturam
1520 2163 1787 2227 Holder
1831 2180 1960 2244 pro
2011 2169 2267 2243 quarta
2315 2163 2693 2226 collatione
2738 2164 3003 2229 codicis
3035 2165 3101 2228 H
3135 2166 3392 2229 habuit:

639 2272 816 2334 miro
867 2272 1053 2334 enim
1100 2272 1305 2334 modo
1356 2272 1706 2335 consentit
1750 2271 1975 2352 primo
2026 2270 2367 2350 adspectu
2419 2289 2578 2334 cum
2637 2273 3116 2354 compluribus
3175 2275 3393 2337 lectio-

640 2378 846 2441 nibus
907 2379 995 2440 ab
1054 2378 1450 2440 Hummelio
1507 2378 1848 2457 Longolio
1906 2377 2240 2456 Sellingio
2302 2378 2528 2441 codici
2576 2378 2644 2441 Η
2704 2380 3101 2443 vindicatis.
3211 2380 3395 2460 Quae

640 2502 800 2548 cum
851 2485 953 2547 ita
999 2492 1251 2564 essent,
1304 2503 1721 2566 comparare
1771 2485 2109 2548 lectiones
2159 2485 2408 2547 harum
2468 2486 2677 2548 trium
2734 2487 3193 2550 collationum
3256 2506 3395 2552 cum

640 2591 1059 2654 lectionibus
1109 2610 1152 2653 a
1208 2609 1419 2654 manu
1478 2591 1547 2674 S,
1610 2592 2026 2672 conscriptis
2086 2592 2382 2654 institui:
2443 2610 2654 2672 quam
2715 2594 3173 2657 collationum
3231 2613 3396 2659 com-

638 2698 1058 2779 positionem
1107 2699 1207 2761 ita
1263 2699 1696 2780 comparavi,
1758 2702 1833 2761 ut
1888 2699 2121 2779 prima
2180 2700 2510 2763 columna
2569 2701 2931 2765 contineat
2980 2701 3394 2767 Germaniae

638 2809 910 2868 textum
991 2806 1080 2868 ad
1159 2806 1660 2870 Muellenhoffii
1739 2805 2165 2869 Germaniae
2254 2807 2588 2886 antiquae
2676 2808 2884 2894 fidem
2974 2828 3398 2890 expressum,

640 2913 957 2976 secunda
1022 2913 1393 2976 lectionem
1463 2913 1723 2977 codicis
1787 2912 1859 2992 S,
1926 2914 2138 2975 tertia
2200 2919 2682 2977 correcturam
2748 2918 2838 2980 ab
2907 2917 3136 2980 altera
3197 2935 3398 2980 manu

633 3008 911 3084 'codicis
960 3020 1004 3084 S
1056 3021 1547 3102 conscriptam,
1599 3025 1853 3101 quarta
1917 3020 2218 3102 denique
2276 3022 2615 3086 lectiones
2665 3023 2929 3088 codicis
2977 3023 3042 3086 H
3092 3043 3130 3087 e
3179 3025 3402 3106 priore

641 3145 805 3190 mea
866 3128 1321 3191 collationum
1385 3129 1890 3209 compositione
1954 3109 2454 3209 depromptae..
2547 3129 2905 3195 Asterisco
2981 3150 3103 3194 eas
3169 3132 3401 3194 notavi

637 3235 998 3314 lectioneS,
1033 3252 1209 3315 quas
1234 3234 1498 3298 Holder
1524 3236 1671 3298 solo
1703 3235 1773 3318 S2
1804 3239 1981 3298 teste
2015 3254 2178 3299 usus
2205 3236 2601 3300 vindicavit
2638 3238 2865 3301 codici
2891 3238 3402 3302 Hummeliano

641 3626 1146 3711 Comparatio
1236 3628 1518 3693 codicis
1613 3628 2147 3694 Hummeliani
2231 3649 2270 3696 e
2356 3630 2897 3696 collationibus
2985 3630 3407 3696 Hummelii

635 3752 994 3836 Lonqolii
1073 3750 1424 3837 Sellinqii
1500 3754 1831 3818 restituti
1910 3771 2087 3818 cum
2168 3753 2625 3819 lectionibus
2717 3754 3037 3820 alterius
3125 3773 3406 3819 manus

1537 3878 1819 3942 codicis
1867 3876 2508 3962 StuttqartiensiS.

724 4130 803 4188 Ca
1173 4095 1366 4152 Editio
1570 4109 1573 4158 l
1859 4132 1898 4191 S

806 4149 861 4204 Ρ·
1053 4183 1475 4242 Mueuenhoffii
1570 4245 1573 4254 ,

818 4348 845 4400 Ι
885 4352 915 4398 6
1077 4344 1439 4402 Raeticarum
1570 4367 1573 4376 ·
1752 4346 2001 4403 reticarfi
2184 4305 2189 4382 Ι
2347 4346 2642 4404 rethicaru
2797 4315 2802 4456 Ι
2931 4349 3278 4407 raeticarum

1568 4439 1572 4546 ι
2023 4439 2030 4446 “
2290 4436 2353 4510 (h
2384 4436 2695 4509 suprascr.)
2797 4459 2800 4514 3

784 4526 842 4578 II
882 4531 913 4576 4
1098 4523 1420 4581 immensus
1567 4569 1571 4596 ,
1707 4523 2034 4581 imensibus
2269 4528 2536 4581 imensus
2583 4544 2722 4582 (mr.
2795 4521 2800 4638 j

850 4618 914 4665 12
1095 4612 1431 4670 Tuistonem
1566 4613 1570 4716 f
1730 4612 2021 4670 Tuiscone
2210 4613 2283 4670 al.
2309 4613 2650 4671 histonem
2624 4633 2663 4671 z.
2688 4633 2766 4672 m.
2795 4614 3178 4687 vistonemH,
3193 4615 3410 4674 tuisco-
3493 4623 3494 4638 ¹

812 4703 914 4755 *13
1117 4707 1176 4758 et
1221 4702 1409 4759 filium
1566 4719 1569 4808 1
1725 4707 1785 4759 et
1828 4702 2020 4758 filium
2289 4702 2344 4760 ei
2390 4721 2678 4777 suprascr
2794 4673 2798 4770 1
3008 4701 3407 4780 —[nemHm

850 4798 913 4844 14
1036 4790 1480 4866 conditoresque
1566 4818 1569 4866 Ι
1656 4790 2089 4870 conditoriosqg
2351 4792 2468 4849 rios
2514 4792 3348 4870 del„conditore1nque

1779 4880 1962 4936 fuisso
2177 4913 2186 4966 Ι
2261 4898 2383 4938 rem
2428 4899 2717 4955 sumamma
