3509 5600
1777 396 2258 456 —108—

804 583 1134 648 Exaratis
1204 585 1305 647 ita
1377 583 1873 648 collationibus
1943 605 2086 649 una
2156 587 2392 651 adhuc
2439 606 2582 652 vres
2653 590 2964 671 impedit,
3034 592 3416 672 quominus

626 693 865 755 statim
913 692 1004 755 ad
1046 693 1354 773 ipsorum
1399 692 1723 756 codicum
1765 693 2035 757 indoles
2077 695 2261 758 inter
2302 714 2376 759 se
2423 698 2890 761 conferendas
2924 703 3415 762 transeamus:

629 817 793 862 nam
841 799 1081 863 varias
1130 813 1575 863 correcturas
1624 802 1814 880 passi
1863 807 2025 865 sunt
2073 802 2139 866 M
2190 812 2259 866 et
2312 804 2356 867 S
2406 804 2850 886 primumque
2900 805 3414 886 disputandum

628 906 780 986 erit,
832 923 1184 987 quaenam
1230 906 1403 969 fides
1451 906 1559 970 his
1606 908 1694 969 sit
1742 907 2092 973 habenda.
2188 909 2433 992 Neque
2498 912 2796 974 multum
2860 912 3243 976 dicendum
3308 918 3416 977 est

628 1013 714 1077 de
763 1010 1007 1097 codice
1054 1012 1156 1091 M;
1217 1030 1698 1094 quascumque
1747 1014 1935 1077 enim
1982 1022 2429 1080 correcturas
2487 1017 2792 1094 exhibet,
2852 1028 3188 1082 exaratas
3253 1037 3414 1083 esse

628 1121 718 1183 ab
786 1119 1095 1183 eiusdem
1164 1120 1432 1183 librarii
1504 1139 1747 1200 mann,
1822 1123 1940 1203 qui
1997 1123 2222 1204 ipsum
2284 1131 2692 1189 contextum
2742 1126 3180 1206 conscripsit,
3238 1126 3413 1188 mihi

625 1244 1041 1307 persuasum
1103 1231 1236 1289 est:
1305 1227 1422 1307 qui
1484 1227 1900 1309 plerumque
1960 1229 2103 1292 iam
2163 1230 2345 1294 inter
2410 1232 2787 1301 scribenda
2841 1234 3067 1296 verba
3120 1251 3412 1297 errasse

623 1351 698 1396 se
755 1332 1102 1395 intellexit
1173 1333 1615 1414 mutavitque
1675 1335 2017 1398 mutanda
2088 1342 2505 1418 atramentO,
2568 1338 2943 1402 nonnullas
3010 1357 3177 1402 vero
3259 1357 3414 1403 cor-

623 1442 943 1503 recturas
993 1439 1187 1502 finito
1237 1439 1437 1518 libro,
1483 1458 1643 1502 cum
1695 1440 1975 1504 titulum
2027 1448 2097 1505 et
2151 1444 2425 1508 litteras
2479 1463 2654 1527 quas
2697 1463 3038 1508 vocamus
3086 1445 3410 1509 initiales

623 1546 835 1608 minio
883 1546 1228 1627 pingeret,
1278 1546 1348 1608 in
1399 1547 1761 1627 religendo
1812 1548 1990 1612 libro
2040 1552 2318 1614 notavit
2365 1553 2597 1616 minio,
2685 1551 2896 1616 Cuius
2946 1554 3410 1632 correcturiS,

626 1670 784 1715 cum
837 1652 1208 1715 admodum
1260 1653 1616 1734 simplices
1664 1655 1803 1718 sint
1851 1660 1922 1718 et
1971 1656 2384 1739 plerumque
2420 1661 2797 1723 verborum
2849 1676 3199 1722 conexum
3257 1678 3413 1723 cor-

623 1759 905 1840 ruptela
937 1758 1178 1839 aliqua
1211 1758 1515 1822 deletum
1552 1762 1948 1842 restituant,
1985 1764 2282 1827 eandem
2320 1766 2817 1829 auctoritatem
2849 1783 3060 1847 quam
3105 1765 3411 1847 reliquis

623 1864 886 1929 codicis
933 1865 1353 1929 lectionibus
1401 1866 1666 1930 habere
1716 1868 1975 1932 licebit.
2014 1909 2098 1916 —
2130 1870 2372 1951 Longe
2424 1872 2566 1934 alia
2614 1889 2842 1953 neque
2893 1877 3038 1935 tam
3085 1872 3405 1954 simplex

620 1989 733 2034 res
789 1976 896 2034 est
952 1971 1021 2033 in
1080 1971 1325 2035 codice
1373 1972 1437 2036 S.
1535 1972 1671 2052 Qui
1728 1974 1956 2038 codex
2016 1994 2059 2038 a
2107 1994 2244 2056 quo
2294 1978 2582 2040 librario
2632 1979 3072 2059 conscriptus
3119 1983 3254 2058 est,
3309 1981 3404 2044 ab

623 2078 866 2142 eodem
921 2083 1400 2141 correcturam
1452 2097 1729 2161 quoque
1778 2099 2027 2161 passus
2077 2088 2183 2145 est
2231 2084 2658 2161 continuam,
2709 2102 2912 2165 quae,
2958 2089 3033 2146 ut
3074 2102 3113 2147 e
3156 2085 3409 2149 lectio-

622 2184 824 2248 nibus
858 2185 923 2246 in
963 2185 1455 2249 collationibus
1498 2189 1752 2249 nostris
1788 2192 1956 2251 nota
1988 2188 2056 2271 Sl
2097 2190 2366 2252 ornatis
2400 2196 2719 2271 apparet,
2756 2196 2878 2253 aut
2911 2192 3403 2272 corruptelam

620 2293 929 2373 aliquam
993 2294 1411 2374 corrigendo
1471 2295 1585 2357 vel
1649 2295 2142 2377 interpolando
2208 2303 2449 2359 natam
2511 2297 2581 2359 in
2645 2299 2944 2360 formam
3007 2298 3404 2378 genuinam

618 2398 946 2478 redigunt
987 2405 1111 2463 aut
1152 2408 1222 2464 et
1264 2401 1460 2482 ipsae
1507 2402 2000 2482 interpolando
2050 2403 2352 2467 student.
2405 2402 2599 2484 Quas
2648 2409 3093 2468 correcturas
3144 2422 3401 2468 omnes

617 2524 704 2569 ex
771 2505 1014 2568 ordine
1085 2512 1377 2571 enotare
1448 2508 1680 2588 nolim,
1750 2526 1837 2570 ne
1903 2509 2106 2571 nimis
2171 2510 2381 2589 spatii
2445 2510 2516 2572 in
2559 2528 2636 2573 re
2698 2511 2985 2574 minoris
3053 2511 3403 2574 momenti

619 2630 1024 2677 consumam
1096 2614 1477 2694 relegoque
1547 2619 1929 2695 propterea
1993 2616 2332 2678 lectorem
2397 2615 2486 2678 ad
2543 2616 2979 2696 collationeS,
3037 2634 3076 2679 e
3134 2617 3402 2697 quibus

622 2725 1020 2801 cognoscet,
1069 2720 1327 2783 multas
1375 2738 1513 2783 non
1557 2739 1709 2784 esse
1752 2721 2115 2803 lectioneS,
2162 2740 2345 2803 quae
2388 2727 2863 2786 correctorem
2897 2728 3217 2786 nostrum
3253 2724 3402 2787 alio

621 2826 812 2890 fonte
884 2845 1096 2907 quam
1168 2828 1555 2909 archetypo
1622 2833 1692 2891 et
1757 2829 2111 2908 ingeniolo
2180 2848 2304 2892 suo
2372 2848 2572 2892 usum
2643 2848 2796 2893 esse
2869 2829 3402 2896 demonstrent:

619 2933 934 3014 excipias
983 2953 1140 3016 cap.
1176 2935 1485 2998 XXVIII
1511 2942 1566 3015 1,
1618 2936 1732 2999 ubi
1784 2935 1828 2999 S
1878 2954 2040 3000 cum
2089 2936 2451 3000 codicibus
2500 2935 2619 3001 OD
2669 2937 2956 3001 exhibet
3005 2945 3396 3020 auctorum,

617 3038 687 3122 81
741 3057 902 3103 cum
964 3040 1324 3104 codicibus
1374 3041 1492 3104 AB
1548 3042 1639 3104 al.
1691 3048 1894 3106 autor
1943 3043 2013 3104 in
2061 3060 2187 3120 m.;
2255 3042 2513 3106 addam
2572 3044 2944 3106 nonnullos
3000 3044 3218 3124 locOS,
3272 3045 3401 3109 ubi

621 3150 865 3226 aperte
913 3164 1037 3209 suo
1086 3146 1314 3210 Marte
1365 3147 1655 3227 corrigit
1701 3147 1805 3230 Sl:

874 3350 1030 3413 cap.
1081 3332 1247 3396 1115
1343 3339 1383 3398 S
1454 3386 1460 3396 .
1570 3339 1928 3413 inyaenones
2218 3340 2282 3418 81
2321 3342 2672 3415 inqvenones
2707 3342 2794 3415 (L.
2829 3341 2989 3417 vulg.
3020 3341 3403 3420 inyaevovws)

1171 3447 1246 3504 17
1343 3439 1504 3504 SLv.
1575 3446 1675 3503 (leo
2216 3447 2279 3525 81
2317 3448 2388 3504 al.
2422 3447 2555 3505 deos
2586 3447 2620 3505 i.
2653 3467 2728 3506 m.

980 3545 1147 3608 VIII
1214 3554 1249 3610 8
1345 3552 1385 3611 S
1573 3553 1749 3610 sed’m
2215 3552 2280 3631 81
2319 3554 2463 3612 sclm
2493 3555 2527 3612 i.
2561 3573 2634 3611 m.
2667 3554 2756 3632 (82
2793 3556 2896 3614 Lv.
2929 3558 3093 3628 seton)

1009 3651 1146 3715 XII
1216 3659 1245 3716 1
1344 3659 1501 3719 SLv.
1580 3679 1805 3735 quoque
2221 3660 2282 3737 S1
2323 3660 2395 3718 al.
2430 3680 2711 3737 quemque
2742 3661 2778 3720 i.
2812 3681 2888 3720 m.

902 3758 1147 3821 XXIII
1217 3767 1245 3823 1
1345 3765 1384 3824 S
1398 3766 1503 3825 Lv.
1579 3765 1879 3840 fhwnento
2217 3766 2279 3843 81
2319 3766 2620 3841 frumenta

802 3863 1146 3928 XXXVII
1171 3874 1248 3930 13
1344 3871 1501 3931 SLv.
1577 3873 1810 3930 samnis
2219 3872 2283 3950 81
2323 3874 2535 3931 sannis

1016 3971 1142 4034 XL
1212 3978 1244 4038 7
1342 3977 1381 4037 8
1571 3997 1828 4036 mmmmm
2216 3979 2278 4056 81
2317 3980 2585 4037 inanime
2630 3979 2829 4057 (S2Lv.
2877 3982 2946 4038 in
2989 3982 3328 4057 commune)

794 4194 1129 4276 Exceptis
1188 4195 1297 4258 his
1356 4196 1528 4259 locis
1577 4196 1888 4276 reliquas
1936 4215 2188 4261 manus
2236 4197 2305 4280 81
2359 4202 2805 4261 correcturas
2854 4216 2943 4261 ex
2992 4198 3395 4281 archetypo

619 4300 879 4365 codicis
928 4301 973 4366 S
1023 4302 1363 4366 deductas
1412 4321 1562 4365 esse
1611 4303 2032 4384 putaverim.
2129 4305 2238 4368 Ab
2288 4305 2535 4367 eadem
2587 4322 2800 4367 manu
2849 4304 3063 4368 etiam
3110 4306 3400 4372 scholia

620 4409 1045 4488 marginalia
1091 4418 1392 4472 exarata
1439 4427 1590 4472 esse
1639 4428 1856 4490 supra
1902 4415 1993 4490 (p.
2047 4416 2156 4493 83)
2204 4412 2616 4474 monuimus

793 4566 928 4631 Sed
976 4574 1262 4649 praeter
1309 4566 1496 4631 hanc
1544 4573 2026 4632 correcturam
2073 4587 2323 4650 passus
2372 4574 2478 4632 est
2525 4570 2752 4633 codex
2802 4575 3038 4633 noster
3082 4572 3396 4636 alteram

616 4690 660 4734 a
693 4689 903 4735 manu
938 4674 1333 4738 recentiore
1366 4673 1461 4757 S2,
1498 4673 1583 4737 de
1618 4692 1760 4756 qua
1792 4676 1934 4738 iam
1968 4677 2447 4758 compluribus
2482 4677 2654 4741 locis
2683 4683 2775 4759 (p.
2806 4681 2907 4743 24.
2936 4683 3046 4760 83)
3080 4678 3394 4758 egimus:

617 4796 806 4842 nunc
869 4779 1013 4842 iam
1075 4780 1559 4861 quaestionem
1625 4782 1711 4844 de
1777 4782 1917 4846 hac
1977 4801 2192 4846 manu
2255 4784 2346 4846 ad
2406 4785 2617 4847 finem
2672 4784 2968 4866 perduci
3024 4803 3200 4866 opus
3258 4792 3393 4851 est.

615 4884 861 4966 LocOS‚
911 4885 1028 4949 ubi
1076 4886 1274 4950 istius
1321 4905 1570 4951 manus
1619 4894 2072 4953 correcturae
2130 4891 2582 4954 consentiunt
2642 4909 2803 4956 cum
2865 4892 3110 4956 codice
3167 4891 3252 4974 H,
3315 4892 3391 4956 in
