3509 5600
1282 373 1723 434 ...83—

140 567 338 645 venit,
406 565 526 646 qui
592 582 846 627 nomen
914 581 1114 627 suum
1182 580 1475 626 rasurae
1533 562 1603 625 in
1662 566 2068 642 tegumento
2126 561 2433 624 exstanti
2490 559 2895 640 mandavit3

138 693 295 754 gens
357 673 858 736 Hallderorum
923 670 1112 752 apud
1177 670 1572 733 Baiuvaros
1628 669 1857 749 viguit
1922 668 2083 731 inde
2143 687 2186 731 a
2242 687 2293 731 s.
2346 668 2549 748 XIII,
2613 668 2894 749 quando

142 798 293 844 vero
348 780 611 842 vixerit
667 778 1074 841 Ruodolffus
1131 777 1250 840 ille
1308 777 1659 841 nescimus
1715 777 1832 858 (cf.
1891 775 2257 856 F1·eyberg
2311 797 2441 860 yes.
2500 775 2649 838 hist.
2703 774 2893 838 Schr.

139 887 249 969 ΠΙ,
312 891 485 969 356).
592 885 986 948 Posteriore
1048 888 1366 965 tempore
1430 884 1658 948 codex
1717 888 1958 946 noster
2018 882 2089 945 in
2154 881 2584 946 bibliotheca
2650 880 2893 945 Chom-

139 994 412 1072 bergica
460 993 611 1072 fuit,
662 990 851 1072 quod
898 996 1067 1054 nota
1114 991 1466 1071 quaedam
1515 990 1681 1065 folio
1731 990 1956 1071 primo
2015 989 2360 1070 impressa
2419 989 2895 1064 demonstrat3

143 1105 275 1162 tum
322 1100 390 1162 in
446 1098 945 1162 bibliothecam
995 1098 1612 1177 Stuttgartiensem
1659 1098 2009 1178 pervenit.

298 1258 586 1339 Signum
646 1258 939 1338 singulis
1006 1259 1221 1322 cartis
1280 1259 1348 1320 in
1409 1257 1690 1321 officina
1747 1258 1988 1321 datum
2053 1276 2187 1320 non
2249 1257 2432 1320 idem
2484 1262 2589 1320 est
2636 1258 2708 1319 in
2758 1276 2898 1321 om-

138 1367 325 1429 nibus
372 1365 934 1428 senionibusz-in
995 1364 1420 1429 Germaniae
1483 1364 1667 1427 foliis
1731 1365 2082 1429 consentit
2146 1383 2304 1428 cum
2368 1364 2567 1444 signo
2632 1364 2897 1429 codicis

12 1538 13 1571 3
134 1472 564 1536 Monacensis
596 1489 813 1552 supra
847 1472 1221 1552 descripto,
1269 1472 1437 1553 Ipsa
1470 1471 1856 1536 Germania
1888 1471 2203 1536 continet
2235 1471 2406 1534 folia
2437 1476 2818 1538 1201-134
2840 1484 2892 1552 Γ,

138 1580 618 1643 undetricenos
688 1597 937 1642 versus
1013 1580 1085 1643 in
1157 1580 1449 1660 singulis
1520 1581 1820 1662 paginis.
1931 1582 2035 1643 Ab
2110 1581 2355 1644 eodem
2432 1582 2551 1662 qui
2621 1586 2891 1644 textum

12 1688 13 1697 ³
137 1686 422 1767 scripsit,
460 1685 744 1750 adiecta
776 1692 938 1749 sunt
970 1686 1243 1750 scholia
1275 1687 1721 1767 marginalia,
1757 1688 2174 1769 plerumque
2217 1688 2400 1751 inter
2435 1687 2893 1752 Germaniam

12 1860 13 1871 χ
137 1791 393 1856 Tacitei
421 1793 581 1855 aevi
619 1798 689 1856 et
720 1794 987 1857 saeculi
1014 1793 1147 1857 XV
1169 1794 1680 1874 comparantia,
1708 1794 2036 1875 idemque
2062 1794 2393 1857 librarius
2420 1795 2490 1856 in
2517 1794 2891 1857 scribendo

136 1900 565 1980 corruptelas
629 1899 986 1979 corrigere
1036 1900 1335 1979 studuit3
1400 1901 1790 1981 posteriore
1840 1908 2156 1981 tempore
2207 1901 2434 1964 codex
2483 1902 2892 1965 continuam

12 1994 13 1999 ’
135 2010 608 2069 correcturam
670 2024 920 2087 passus
988 2010 1095 2069 est
1155 2025 1200 2069 a
1259 2024 1473 2070 manu
1522 2006 1616 2089 S„
1681 2007 1768 2070 de
1832 2025 1976 2088 qua
2034 2008 2176 2070 iam
2241 2009 2312 2070 in
2370 2008 2604 2088 capite
2664 2008 2892 2089 primo

12 2178 13 2187 ,
135 2130 409 2193 egimus.

298 2254 614 2319 Collatus
665 2260 771 2318 est
809 2256 926 2320 hic
966 2256 1193 2320 codex
1234 2275 1278 2319 a
1314 2256 1541 2337 primo
1581 2255 1923 2320 Seebodio
1965 2256 2035 2318 in
2078 2256 2350 2320 duabus
2395 2255 2894 2320 dissertationi-

10 2400 19 2469 ξ
139 2363 251 2425 bus
281 2380 627 2425 annorum
659 2367 826 2429 1819
856 2367 927 2425 et
954 2367 1141 2444 1824,
1170 2381 1347 2444 quas
1374 2362 1724 2444 inspicere
1754 2380 1894 2425 non
1921 2363 2137 2444 potui,
2160 2362 2413 2426 deinde
2440 2381 2484 2425 a
2510 2362 2887 2427 Gerlachio

10 2548 19 2565 Ι
134 2468 197 2530 in
243 2469 548 2533 editione
597 2467 1023 2533 Germaniae
1072 2475 1318 2551 (1834),
1370 2471 1459 2533 ab
1509 2469 1756 2532 Hessio
1804 2474 2050 2552 (1838),
2102 2489 2146 2533 a
2192 2469 2519 2534 Fellnero
2556 2470 2637 2534 in
2692 2488 2889 2533 usum

134 2575 552 2639 Massmanni
586 2580 833 2659 (1847),
884 2595 929 2639 a
974 2576 1247 2639 Mosero
1297 2582 1368 2639 et
1416 2575 1784 2657 OsiandrO,
1836 2594 2135 2658 quorum
2186 2576 2679 2640 collationibus
2730 2595 2891 2640 usus

134 2686 231 2745 est
274 2681 732 2773 Tagmannus
779 2684 851 2746 in
899 2683 1140 2745 libello
1189 2700 1406 2764 supra
1457 2683 1695 2762 allam,
1747 2683 1942 2745 aliis:
1993 2701 2288 2764 quorum
2348 2702 2437 2746 an
2496 2683 2677 2747 forte
2727 2701 2894 2765 pen-

135 2788 286 2853 deat
334 2790 518 2853 alter
565 2809 655 2853 ex
704 2790 950 2872 alter0,
1000 2809 1140 2853 non
1192 2789 1462 2872 curavi,
1527 2789 1698 2853 nihil
1747 2791 1937 2853 enim
1984 2790 2133 2853 fere
2177 2790 2423 2853 valent
2459 2788 2549 2854 ad
2586 2789 2892 2853 indolem

132 2898 382 2962 codicis
414 2898 637 2961 nostri
669 2902 864 2962 recte
900 2898 1432 2961 aestimandam.
1491 2898 2030 2961 Accuratiorem
2065 2898 2516 2961 collationem
2550 2897 2813 2961 codicis
2846 2896 2890 2960 S

129 3005 382 3086 primus
432 3005 741 3070 confecit
785 3006 936 3086 ipse
970 3004 1236 3068 Holder
1283 3005 1355 3067 in
1403 3023 1605 3068 usum
1646 3003 2098 3067 Holtzmanni
2133 3003 2636 3086 (Germanische
2672 3005 2890 3067 Alter-

132 3111 398 3194 thamar,
447 3114 573 3176 mit
630 3112 817 3194 Τρωΐ,
874 3113 1352 3197 Uebersetzany
1400 3113 1541 3175 and
1579 3111 1982 3197 Erkla'rany
2025 3133 2154 3175 von
2205 3110 2477 3175 Tacitus
2519 3111 2892 3174 Germania

131 3241 248 3282 von
279 3219 505 3306 Adolf
532 3220 963 3300 Holtzmann,
1013 3218 1538 3303 heraasyeyeben
1584 3239 1707 3281 von
1750 3218 2001 3305 Alfred
2037 3219 2314 3299 Holder,
2363 3218 2636 3303 Leipzig]
2675 3221 2891 3299 1873).

131 3325 256 3389 Sed
303 3345 390 3390 ne
439 3344 529 3389 ea
576 3326 858 3407 quidem
906 3325 1321 3388 satisfacere
1369 3324 1538 3387 mihi
1587 3325 1984 3405 videbatur,
2046 3324 2213 3407 quia
2269 3324 2355 3387 de
2405 3325 2667 3389 codicis
2715 3324 2759 3389 S
2822 3329 2892 3387 et

131 3434 539 3498 correctoris
588 3433 737 3496 eius
778 3433 848 3515 S2
895 3435 1167 3497 certum
1209 3437 1365 3495 erat
1404 3431 1773 3495 ferendum
1815 3432 2170 3512 iudicium,
2225 3450 2444 3513 quare
2477 3432 2627 3513 ipse
2663 3433 2891 3495 denuo

132 3542 383 3606 contuli
431 3541 751 3606 codicem
799 3540 866 3605 S.
931 3538 1355 3621 Conspirant
1396 3540 1714 3621 plurimis
1755 3540 1931 3604 locis
1965 3539 2256 3602 Holderi
2290 3544 2359 3601 et
2390 3557 2551 3602 mea
2585 3540 2891 3620 collati0,
2937 3531 2944 3537 ’

131 3650 238 3713 ubi
287 3667 458 3713 vero
507 3667 699 3712 nova
746 3648 1103 3712 addoaut
1151 3648 1240 3711 ab
1290 3647 1416 3711 illa
1466 3647 1818 3726 dissentiO,
1870 3652 1945 3710 ut
1991 3665 2104 3710 me
2153 3647 2471 3728 sequaris
2520 3651 2703 3728 pet0.

297 3810 650 3893 Expositis
697 3810 799 3873 ita
845 3809 1171 3873 subsidiis
1219 3808 1477 3872 nostris
1512 3808 1602 3871 ad
1644 3826 1796 3871 rem
1836 3807 2064 3889 ipsam
2106 3806 2533 3871 accedamus
2566 3807 2893 3888 primum-

131 3935 256 3999 que
307 3918 587 3983 codices
635 3917 705 3980 M
753 3922 824 3980 et
872 3916 917 3981 S
965 3917 1149 3979 inter
1196 3934 1270 3979 se
1329 3933 1840 3997 comparemus,
1938 3914 2168 3996 Quam
2232 3932 2381 3977 rem
2444 3914 2545 3977 ita
2606 3914 2892 3993 institui,

133 4026 293 4087 utin
319 4029 651 4106 quattuor
676 4027 917 4106 partes
945 4023 1334 4086 dividerem
1363 4023 1822 4086 collationum
1849 4022 2458 4103 compositionem:
2487 4022 2710 4103 primo
2739 4022 2889 4085 loco

127 4132 321 4212 posui
370 4130 796 4196 Germaniae
839 4136 1112 4194 textum
1154 4141 1192 4193 e
1235 4129 1735 4193 Muellenhoffii
1781 4128 2167 4194 Germania
2201 4128 2495 4209 antiqua
2530 4128 2901 4209 depromp-

130 4244 290 4319 tum,
339 4239 653 4320 sequitur
702 4238 957 4302 deinde
1008 4237 1236 4302 codex
1282 4236 1746 4316 Monacensis,
1793 4239 1941 4298 tum
1975 4234 2560 4316 StuttgartiensiS,
2600 4240 2894 4317 uterque

131 4363 163 4407 e
206 4363 371 4409 mea
416 4346 814 4410 collatione.
887 4346 971 4408 In
1020 4352 1271 4427 quarto
1323 4344 1625 4425 denique
1673 4344 1831 4407 loco
1882 4361 2004 4406 eas
2052 4343 2255 4424 posui
2304 4343 2667 4423 lectioneS,
2719 4360 2894 4424 quas

129 4450 388 4515 Holder
464 4453 689 4517 codici
747 4478 811 4540 y,
875 4452 1201 4516 codicum
1265 4450 1335 4513 M
1401 4454 1471 4513 et
1537 4449 1582 4514 S
1650 4450 2062 4531 archetypO,
2131 4450 2547 4515 vindicavit.
2651 4450 2895 4530 Neque

130 4563 362 4622 tamen
408 4560 478 4622 in
529 4560 1057 4625 conscribendis
1105 4559 1453 4622 indicibus
1501 4558 1572 4621 id
1621 4558 1754 4638 egi,
1818 4563 1892 4621 ut
1955 4576 2197 4621 omnes
2261 4558 2510 4621 horum
2573 4556 2892 4621 codicum

129 4666 366 4729 sordes
399 4671 780 4747 enotarem‚
829 4668 954 4731 sed
990 4667 1359 4747 graviores
1392 4670 1665 4728 tantum
1716 4665 2239 4746 discrepantias
2274 4670 2343 4728 et
2375 4665 2557 4727 inter
2593 4663 2893 4726 alterum

130 4773 442 4837 codicem
508 4777 579 4836 et
635 4773 955 4854 alterum,
1016 4778 1087 4837 et
1153 4773 1336 4836 inter
1402 4772 1699 4835 alterum
1765 4772 1885 4835 vel
1962 4778 2336 4852 utrumque
2394 4777 2464 4833 et
2519 4770 2897 4834 lectionem

130 4880 492 4959 vulgatam
541 4879 1059 4944 intercedentes
1109 4878 1609 4944 adscriberem.

2475 5001 2572 5053 11*
