3509 5600
1797 398 2278 458 —110—

654 602 812 648 cum
863 585 949 668 V2
1005 603 1282 667 quoque
1333 588 1727 651 consentiat
1775 588 1919 670 (X4
1970 594 2191 650 tenent
2241 628 2322 635 —
2376 593 2453 650 15
2504 587 2830 651 contactis
2883 628 2964 635 -—
3000 585 3222 649 XIII5
3264 605 3414 667 pro-

641 691 946 773 pinquus
996 731 1079 738 ——
1113 692 1401 756 XXV13
1454 694 1590 756 vice
1640 733 1724 741 —
1765 693 2243 758 XXXV11116
2296 698 2674 775 ornantur),
2724 692 2831 756 his
2881 693 3228 773 exemplis
3274 709 3413 754 sen·

654 797 949 860 tentiam
998 808 1310 862 nostram
1356 818 1422 881 p.
1462 805 1542 866 75
1590 801 1945 882 prolatam
1991 800 2223 864 fulciri
2261 800 2600 875 videmUS,
2646 800 2862 864 etiam
2895 799 2982 883 V2
3032 798 3415 863 correxisse

654 905 1042 968 secundum
1092 907 1462 989 archetypi
1495 913 1534 975 ὁ
1575 908 1804 972 fidem.
1864 908 2001 973 Sed
2048 909 2189 972 iam
2242 908 2375 973 hoc
2424 927 2564 971 non
2615 926 2934 989 agamuS‚
2985 914 3060 968 ut
3107 905 3413 969 codicem

656 1015 695 1078 ὃ
745 1013 1046 1093 amplius
1096 1014 1545 1078 restituamus
1594 1033 1804 1097 quam
1854 1016 2089 1097 capite
2145 1016 2369 1078 altero
2412 1016 2678 1080 factum
2716 1020 2823 1078 est
2853 1053 2941 1062 --
2975 1031 3205 1095 neque
3239 1011 3410 1075 enim

654 1118 1147 1182 immutaretur
1196 1121 1517 1185 uberiore
1565 1121 1703 1186 hac
1751 1122 2279 1186 constructione
2328 1123 2680 1185 sententia
2728 1126 2971 1184 nostra
3020 1120 3106 1183 de
3157 1118 3416 1198 origine

655 1225 804 1288 eius
854 1244 892 1288 e
942 1226 1263 1291 codicum
1312 1245 1573 1306 genere
1622 1227 1741 1293 CD
1793 1269 1874 1275 —
1924 1228 2047 1292 sed
2096 1230 2305 1292 finem
2354 1229 2584 1309 potius
2632 1229 2979 1293 faciamus
3037 1224 3414 1290 disserendi

655 1330 741 1394 de
790 1349 1004 1394 manu
1052 1332 1121 1415 S2
1176 1338 1246 1395 et
1294 1351 1420 1415 pro
1470 1335 1664 1398 lucro
1712 1335 2121 1416 habeamus,
2174 1335 2358 1416 quod
2408 1352 2566 1398 eam
2600 1354 2638 1398 e
2674 1334 2918 1399 codice
2953 1338 2992 1400 ὁ
3023 1334 3406 1397 correxisse

654 1437 993 1502 vidimus:
1061 1439 1258 1502 cuius
1321 1440 1800 1521 discrepantia
1864 1460 2023 1504 cum
2090 1441 2251 1504 talis
2312 1441 2401 1505 sit
2465 1442 2554 1505 ab
2603 1442 2754 1522 ipso
2804 1440 3051 1504 codice
3100 1440 3166 1520 S,
3217 1442 3292 1502 ut
3338 1438 3415 1501 de

655 1545 925 1625 origine
975 1547 1122 1609 eius
1171 1565 1259 1609 ex
1309 1547 1717 1628 archetypo.
1761 1549 1963 1610 huius
2027 1548 2243 1629 ipsius
2306 1548 2567 1612 codicis
2626 1548 2924 1628 cogitari
2984 1566 3122 1610 non
3182 1546 3413 1627 possit,

653 1651 968 1715 codicem
1020 1659 1058 1719 ὃ
1106 1654 1570 1734 archetypum
1629 1654 1891 1718 codicis
1949 1654 1994 1718 S
2056 1672 2196 1716 non
2259 1654 2471 1717 fuisse
2533 1654 2927 1735 putandum
2990 1659 3129 1717 est:
3200 1671 3412 1734 quare

654 1761 994 1824 lectiones
1042 1779 1291 1823 manus
1338 1761 1408 1843 S2
1460 1761 1531 1823 in
1581 1761 2130 1843 contemplanda
2179 1762 2441 1826 codicis
2474 1761 2518 1825 S
2567 1761 2801 1824 indole
2853 1761 3135 1824 omnino
3191 1760 3418 1840 negle-

652 1884 904 1954 gamus
953 1873 1023 1929 et
1071 1868 1356 1931 veniam
1418 1872 1757 1948 petamus,
1822 1868 2009 1949 quod
2071 1873 2221 1930 tota
2288 1868 2667 1949 disputatio
2734 1868 2820 1930 de
2886 1885 3098 1930 manu
3161 1867 3232 1950 S‘.»
3286 1871 3416 1928 tam

656 1973 774 2037 diu
825 1992 949 2037 nos
999 1982 1104 2037 est
1152 1979 1526 2037 remorata.

834 2081 1066 2162 Atque
1109 2081 1269 2160 iam,
1304 2082 1361 2144 si
1393 2082 1651 2163 placet,
1688 2082 2036 2162 expeditis
2071 2082 2588 2146 correctoribus
2626 2082 2718 2145 ad
2754 2082 3066 2162 ipsorum
3099 2081 3416 2145 codicum

654 2187 1258 2268 comparationem
1322 2188 1746 2252 accedamus
1810 2206 2398 2270 quaeramusque‚
2464 2197 2693 2251 utrum
2762 2206 2837 2251 re
2899 2205 3075 2250 vera
3138 2205 3231 2250 ex
3293 2204 3420 2249 uno

657 2293 1046 2374 eodemque
1098 2294 1486 2375 archetypo
1534 2295 1997 2376 profluxerint
2046 2295 2113 2357 M
2170 2301 2240 2358 et
2288 2295 2333 2359 S
2381 2313 2643 2359 necne:
2708 2312 2851 2376 qua
2900 2295 2971 2356 in
3018 2312 3096 2356 re
3145 2312 3418 2356 monen—

656 2399 822 2461 dum
872 2407 997 2480 est,
1048 2418 1136 2463 ne
1186 2400 1271 2464 de
1320 2419 1406 2463 ea
1455 2405 1692 2465 actum
1732 2402 1876 2464 iam
1920 2419 2073 2464 esse
2117 2406 2462 2482 putemuS‚
2512 2401 2680 2482 quia
2710 2400 2981 2463 Holder
3014 2401 3085 2462 in
3119 2400 3418 2462 editione

656 2524 788 2569 sua
835 2506 970 2569 hoc
1019 2506 1483 2587 archetypum
1533 2508 1814 2589 saepius
1863 2508 2102 2571 littera
2150 2535 2186 2595 y
2233 2508 2589 2571 notaverit
2638 2525 2940 2588 eumque
3000 2512 3287 2570 secutus
3340 2505 3418 2568 sit

656 2612 1146 2694 Baehrensius.
1243 2613 1519 2677 Indicat
1566 2614 1746 2678 haec
1792 2615 2032 2678 littera
2079 2615 2420 2678 lectiones
2469 2614 2835 2696 quasdam,
2888 2631 3071 2695 quae
3120 2619 3194 2676 et
3241 2614 3310 2675 in
3357 2611 3416 2674 M

653 2723 725 2781 et
782 2718 850 2779 in
910 2718 954 2782 S
1012 2720 1530 2784 consentientes
1594 2721 2079 2802 reperiuntur:
2149 2739 2325 2803 quas
2395 2721 2734 2785 lectiones
2807 2721 3216 2784 accuratius
3289 2721 3418 2781 iam

653 2826 1197 2890 consideremus.
1294 2827 1624 2892 Vindicat
1692 2828 1959 2891 Holder
2027 2835 2312 2893 centum
2381 2829 2771 2908 nonaginta
2850 2846 2986 2890 uno
3044 2827 3195 2891 fere
3257 2825 3420 2889 locis

656 2932 1031 2996 lectionem
1114 2933 1425 3014 aliquam
1504 2936 1730 3000 codici
1808 2956 1877 3023 73
1943 2940 2020 2999 at
2076 2940 2360 3000 centum
2408 2937 2866 3017 septuaginta
2922 2940 3195 3016 septem
3258 2933 3422 2998 locis

652 3039 837 3102 haec
884 3039 1092 3103 lectio
1144 3058 1302 3104 cum
1351 3042 1633 3122 vulgari
1680 3043 2059 3106 traditione
2121 3044 2222 3106 ita
2287 3043 2654 3123 consentit,
2721 3049 2796 3104 ut
2859 3060 3019 3105 eam
3081 3042 3345 3106 codicis
3390 3068 3423 3125 y

653 3145 1015 3227 propriam
1064 3147 1346 3210 minime
1396 3166 1548 3211 esse
1595 3150 1833 3212 statim
1881 3150 2289 3230 intellegas:
2355 3151 2424 3212 in
2488 3141 2740 3231 quibus
2802 3150 3005 3213 multi
3072 3155 3237 3213 sunt
3291 3150 3420 3213 loci

654 3252 918 3316 codicis
980 3278 1017 3339 y
1083 3272 1126 3315 a
1188 3253 1491 3318 lectione
1553 3255 1851 3336 vulgata
1920 3257 2074 3319 sola
2145 3257 2419 3320 ratione
2490 3255 2846 3320 scribendi
2916 3255 3417 3337 discrepantes.

655 3376 953 3440 quorum
1001 3361 1306 3442 exempli
1367 3362 1601 3441 gratia
1659 3363 2055 3444 proferam:
2120 3363 2319 3427 11118
2369 3364 2541 3427 recie
2590 3404 2672 3410 —-
2723 3362 2964 3427 XVIII
2987 3369 3063 3426 12
3115 3364 3419 3427 archana

654 3505 736 3512 ——
812 3465 1035 3529 XIXl
1110 3475 1301 3549 septa
1366 3508 1447 3515 —
1509 3468 1836 3532 XXVII5
1897 3470 2323 3552 sepulchrum
2398 3509 2479 3515 —
2551 3469 2759 3533 XXX
2782 3476 2860 3533 19
2934 3471 3280 3534 cunctacio
3340 3507 3418 3515 —-

653 3571 900 3634 XXXI
924 3579 1000 3635 18
1088 3574 1254 3637 dure
1341 3614 1417 3622 —-
1500 3575 1870 3639 XXXIIIs
1943 3577 2378 3641 oblectaciom'
2447 3618 2529 3625 —
2602 3576 3005 3641 XXXVHss
3098 3578 3186 3640 ml
3275 3582 3421 3659 (pro

654 3679 1118 3764 quadrayinta
1205 3698 1496 3743 numero
1581 3700 1710 3763 per
1800 3683 2071 3745 litteras
2149 3688 2510 3765 expresso)
2605 3724 2686 3731 —
2765 3682 2983 3748 XLI6
3077 3685 3251 3748 recie
3347 3722 3416 3729 -

655 3784 846 3847 XLV
869 3791 944 3848 17
1018 3786 1273 3870 glesum
1340 3826 1428 3835 -—
1512 3788 1689 3851 alia:
1776 3806 1967 3880 quaes
2040 3790 2379 3855 lectiones
2459 3790 2529 3852 in
2610 3789 2933 3853 omnibus
3011 3790 3160 3853 fere
3244 3790 3420 3853 dete-

654 3891 955 3954 rioribus
1004 3893 1363 3957 codicibus
1411 3895 1738 3974 leguntur
1788 3913 2017 3977 neque
2066 3896 2426 3960 codicibus
2474 3895 2542 3958 M
2590 3900 2661 3959 et
2708 3895 2754 3961 S
2801 3897 3164 3978 proprium
3215 3894 3420 3977 quod-

656 3998 818 4061 dam
870 4000 1336 4081 archetypum
1382 4001 1596 4065 fuisse
1627 4041 1715 4049 —
1746 4002 1879 4066 nisi
1927 4003 2108 4066 forte
2157 4003 2496 4082 graviora
2544 4003 2899 4068 accedunt
2945 4007 3306 4066 momenta
3343 4040 3416 4049 -

656 4106 1160 4170 demonstrant.

836 4211 1246 4293 Complures
1288 4220 1663 4294 praeterea
1704 4221 1868 4278 sunt
1911 4215 2069 4297 loci,
2113 4234 2286 4297 quos
2329 4215 2595 4279 Holder
2636 4217 2965 4280 refert-in
3010 4216 3328 4281 codicem
3366 4242 3419 4302 y,

655 4319 1127 4401 quibusvero
1177 4321 1244 4383 M
1294 4311 1364 4385 et
1410 4321 1454 4386 S
1503 4321 1694 4385 haud
1739 4322 1950 4403 plane
2000 4322 2449 4387 consentiunt
2495 4322 2679 4386 inter
2725 4341 2821 4405 se,
2873 4341 2931 4387 e.
2981 4341 3070 4404 gx:

1190 4461 1293 4524 III
1316 4470 1344 4524 1
1358 4469 1392 4525 6
1509 4467 1567 4524 M
1614 4472 1835 4541 reperta
2147 4467 2187 4527 S
2246 4473 2529 4543 repertam
2783 4492 2820 4551 y
2886 4477 3107 4545 reperta

985 4567 1298 4630 XXXIII
1362 4574 1397 4630 2
1615 4574 2100 4647 auyrinariosum
2241 4575 2618 4648 auq‘rinarios
2893 4577 3270 4652 auyrdnarios

989 4673 1297 4736 XXXIV
1360 4680 1394 4737 2
1611 4680 1753 4737 haut
2246 4681 2407 4738 haud
2894 4683 3055 4741 haud

959 4778 1301 4842 XXXVII
1322 4787 1350 4842 1
1365 4787 1397 4844 7
1612 4787 1872 4844 abiecerit
2242 4787 2520 4860 abiecerit,
2555 4787 2620 4866 Sl
2658 4788 2752 4847 ob-
2890 4790 3149 4848 abiecerit

1066 4885 1298 4950 XLIII
1320 4894 1349 4949 1
1360 4894 1399 4950 4
1611 4893 1851 4952 heliseos
2242 4894 2478 4952 leelisios
2887 4897 3122 4955 helvlsios
