3509 5600
1802 394 2285 455 —116—

663 585 780 648 uni
829 585 1196 664 eidemque
1247 583 1636 663 archetypo
1685 600 2068 664 numquam
2128 584 2452 646 tribuam.
2549 584 2685 648 Sed
2752 585 2942 648 dicat
3005 586 3187 649 forte
3253 587 3432 668 quis-

660 692 871 773 piam,
935 691 1279 770 explicari
1340 689 1470 753 has
1535 690 1966 753 differentias
2029 691 2148 771 ita,
2215 699 2290 754 ut
2351 691 2533 755 idem
2594 692 3059 773 archetypum
3116 712 3197 756 re
3260 712 3428 757 vera

659 798 814 861 fons
862 798 1072 860 fuerit
1120 802 1189 860 et
1238 797 1502 861 codicis
1541 796 1584 860 S
1629 801 1698 860 et
1736 797 2001 861 codicis
2031 798 2119 877 M,
2159 798 2282 861 sed
2318 803 2610 880 uterque
2650 798 2977 863 librarius
3024 818 3150 862 suo
3205 799 3428 863 Marte

661 905 1036 986 plerosque
1086 904 1276 966 locos
1326 904 1719 984 corruperit
1763 909 1885 967 aut
1926 905 2500 986 interpolaverit:
2550 905 2715 969 huic
2758 905 2901 968 alia
2934 906 3194 969 addam
3231 925 3430 987 argu-

660 1015 918 1090 menta,
978 1010 1302 1090 quamvis
1364 1010 1433 1071 in
1497 1010 1904 1073 universum
1954 1012 2106 1075 veri
2169 1012 2393 1075 simile
2457 1030 2595 1075 non
2662 1013 2770 1093 sit,
2833 1019 2936 1075 tot
2998 1014 3431 1077 differentias

663 1116 1176 1196 corrumpendo
1244 1123 1314 1179 et
1379 1117 1872 1197 interpolando
1940 1119 2137 1182 nasci
2203 1120 2275 1182 in
2339 1120 2608 1183 duobus
2675 1120 2988 1183 eiusdem
3055 1121 3429 1203 archetypi

664 1224 1114 1305 apographis
1164 1224 1374 1286 immo
1423 1224 1559 1288 hoc
1606 1225 1760 1287 veri
1809 1225 2053 1306 simile,
2119 1226 2441 1291 codicum
2506 1232 2899 1290 nostrorum
2965 1247 3091 1308 per
3143 1229 3428 1308 longam

663 1331 1301 1411 manuscriptorum
1343 1332 1595 1394 seriem
1639 1331 1901 1395 distare
1945 1334 2246 1397 alterum
2289 1335 2379 1397 ab
2424 1334 2667 1397 alterO.
2735 1333 3021 1414 Egimus
3062 1336 3428 1416 hucusque

666 1437 751 1500 de
799 1438 963 1500 solis
1012 1438 1430 1518 corruptelis
1488 1444 1558 1500 et
1613 1438 2273 1519 interpolationibus
2335 1440 2657 1504 codicum
2706 1441 2773 1503 M
2823 1448 2893 1504 et
2940 1441 3005 1522 S,
3055 1442 3429 1505 videamus

658 1543 820 1623 iam,
872 1544 1155 1624 quinam
1208 1562 1430 1606 nexus
1479 1544 1876 1608 intercedat
1922 1547 2105 1609 inter
2167 1547 2448 1611 codices
2496 1548 2835 1628 vulgatae
2899 1548 3301 1612 traditionis
3365 1559 3431 1612 et

660 1655 952 1713 nostros.
1056 1650 1143 1713 Et
1210 1651 1460 1731 quibus
1530 1650 1701 1715 locis
1765 1652 1830 1714 M
1898 1658 1969 1715 et
2033 1653 2078 1716 S
2146 1655 2591 1718 consentiant
2667 1673 2828 1718 cum
2901 1656 3209 1719 lectione
3282 1656 3426 1718 vul-

658 1761 848 1836 gata,
898 1775 1115 1837 supra
1161 1757 1426 1838 monui,
1477 1776 1637 1820 cum
1687 1776 1975 1837 agerem
2025 1760 2110 1823 de
2160 1761 2404 1824 codice
2452 1781 2520 1848 73
2589 1762 2703 1825 ubi
2753 1761 2821 1824 M
2870 1769 2993 1824 aut
3039 1761 3085 1825 S
3136 1780 3423 1826 consen-

661 1864 844 1925 tiant
891 1863 1141 1943 viginti
1189 1864 1432 1944 primis
1480 1865 1831 1945 capitibus
1880 1884 2039 1930 cum
2089 1886 2194 1946 ea,
2254 1873 2376 1931 ant
2428 1876 2721 1950 uterque
2774 1869 3130 1950 discrepet
3184 1871 3275 1934 ab
3328 1888 3429 1949 ea,

658 1969 866 2032 modo
933 1971 1241 2037 enotavi.
1338 1970 1875 2035 Consideremus
1940 1972 2081 2035 iam
2151 1992 2269 2037 eos
2337 1976 2548 2055 locOS,
2619 1976 2735 2039 ubi
2793 1976 2862 2038 M
2910 1981 2982 2039 et
3028 1975 3072 2040 S
3124 1976 3313 2040 inter
3358 1995 3430 2040 se

663 2075 1154 2139 dissentientes
1224 2078 1429 2140 modo
1501 2077 1706 2140 huius
1774 2079 1978 2141 modo
2044 2080 2229 2143 illius
2297 2081 2559 2145 codicis
2626 2082 2965 2162 vulgatae
3033 2082 3431 2146 traditionis

657 2183 1035 2246 lectionem
1086 2188 1207 2246 aut
1255 2185 1657 2264 exprimunt
1707 2190 1830 2247 aut
1878 2203 2085 2266 quam
2138 2188 2458 2268 proxime
2508 2188 2599 2250 ad
2647 2207 2805 2252 eam
2855 2188 3233 2254 accedunt.

1835 2489 1921 2554 M
2674 2490 2728 2558 S

1051 2664 1206 2726 cap.
1250 2645 1415 2709 1113
1558 2653 1610 2709 ei
1655 2654 1706 2709 A
2458 2661 2508 2712 et
2555 2655 2706 2714 BOD

1338 2759 1417 2817 23
1556 2759 1678 2816 sint
1723 2759 1873 2819 ABG
2463 2768 2605 2820 sunt
2652 2762 2703 2820 D

1217 2859 1312 2920 IV
1379 2867 1414 2922 5
1556 2871 1858 2942 tamquam
1906 2867 2006 2925 OD
2454 2888 2815 2944 quamquam
2862 2870 2963 2927 AB

1341 2972 1418 3030 10
1557 2974 1972 3047 assu(eu)er·int
1991 2975 2042 3031 A
2063 2992 2220 3050 supr.
2241 2974 2341 3033 lin.
2452 2981 2838 3033 assummum
2887 2976 2988 3034 OD

1256 3071 1315 3133 V
1382 3081 1415 3136 7
1555 3085 1725 3154 atqu-e
1771 3081 1893 3156 (OD
1941 3081 2160 3156 eatque)
2453 3082 2660 3158 haeque
2706 3083 2830 3159 (AB
2878 3085 3066 3159 eeque)

1340 3187 1416 3242 12
1545 3186 1796 3260 proinde
1838 3187 1938 3245 OD
2447 3190 2690 3264 perinde
2735 3191 2788 3247 A

1189 3284 1322 3348 VII
1380 3292 1415 3348 2
1554 3298 1657 3349 aut
1703 3294 1881 3350 libera
1925 3294 1979 3351 A
2451 3314 2517 3352 ac
2563 3296 2738 3353 libera
2784 3296 2835 3354 D

1138 3391 1311 3454 XIII
1376 3400 1411 3455 5
1542 3400 1919 3475 propinquus
1967 3400 2065 3459 OD
2439 3405 2767 3479 propinque?
2812 3405 2926 3462 AB

1151 3498 1316 3561 XIV
1382 3506 1417 3563 9
1554 3505 1711 3562 ultra
1758 3507 1809 3565 D
2452 3510 2606 3567 ultro
2653 3510 2803 3568 ABC

1075 3603 1313 3667 XVIII
1358 3591 1411 3668 ‘7
1555 3617 1606 3668 et
1640 3614 1972 3688 propinqui
2017 3613 2170 3672 AOD
2451 3634 2517 3672 ac
2550 3617 2879 3691 propinqui
2925 3617 2973 3674 B

1336 3718 1412 3774 15
1552 3718 1891 3793 incipientis
1937 3721 2092 3779 AOD
2452 3723 2864 3797 incipientibus
2913 3724 2960 3781 B

1337 3824 1412 3881 18
1552 3825 1656 3882 hoc
1701 3826 1850 3883 ABO
2451 3829 2548 3886 hec
2593 3830 2644 3886 D

1178 3922 1312 3985 XX
1379 3931 1415 3987 3
1555 3937 1658 3988 aut
1704 3932 1806 3988 AB
2454 3954 2520 3992 ac
2566 3936 2665 3994 OD

1373 4037 1413 4093 4
1551 4038 1917 4096 edumeionis
1962 4039 2112 4098 ABC
2447 4042 2889 4100 educacionibus
2936 4044 2986 4101 D

1333 4144 1411 4200 19
1547 4146 1776 4217 yrczez'o‘r
1823 4147 1874 4203 A
1906 4165 2020 4205 var.
2061 4147 2131 4224 C2
2446 4149 2765 4222 ,qraez'osior
2810 4151 3016 4210 ABOD

1104 4242 1313 4305 XXII
1381 4250 1410 4305 1
1555 4270 1581 4306 e
1630 4251 1729 4309 OD
2450 4256 2606 4312 enim
2655 4256 2757 4313 AB

1377 4358 1411 4414 9
1551 4358 1649 4415 sed
1693 4364 1743 4416 et
1791 4359 1893 4416 AB
2444 4363 2549 4421 ‚sed
2594 4362 2693 4420 OD

1060 4454 1308 4518 XXIII
1378 4465 1408 4520 1
1552 4465 1852 4538 quandam
1896 4466 2046 4524 ABO
2448 4469 2698 4543 quadam
2751 4470 2801 4527 D

1072 4561 1311 4625 XXIV
1373 4570 1412 4626 4
1540 4572 1827 4646 pararffissst
1872 4572 2021 4631 ABO
2438 4582 2616 4650 parat
2660 4577 2711 4634 D

1376 4678 1407 4734 7
1548 4678 1756 4734 mirere
1804 4678 1952 4737 ABO
2448 4684 2694 4740 miretur
2740 4684 2790 4742 D

1105 4774 1308 4838 XXV
1369 4783 1409 4842 4
1545 4789 1649 4841 aut
1694 4785 1892 4843 colono
1930 4786 2057 4861 (BP)
2450 4794 2516 4846 ut
2560 4789 2758 4848 colono
2804 4791 2906 4848 AB
2954 4790 3078 4867 (OD
3115 4793 3188 4867 et)

1071 4880 1309 4945 XXVI
1374 4892 1407 4947 7
1549 4890 1804 4948 laborare
1850 4892 2004 4970 A1Bl
2015 4892 2085 4969 C‘2
2450 4895 2634 4953 labore
2680 4896 2836 4955 AOD
