3509 5600
1741 372 2226 433 —124—

588 566 881 630 totidem
929 566 1078 628 fere
1126 568 1289 628 sunt
1338 556 1635 644 exarati,
1696 563 1943 628 decem
2000 568 2163 625 sunt
2218 563 2455 628 factae
2518 562 2895 627 editiones:
2958 561 3388 644 saepissime

583 673 812 738 codex
859 690 950 736 ex
997 672 1222 735 altero
1272 671 1691 752 exscriptus,
1741 688 1832 733 ex
1881 670 2105 734 altero
2157 675 2519 735 correctus
2567 674 2707 733 est:
2771 669 2983 752 periit
3032 676 3182 734 tum
3235 671 3386 737 hoc

585 780 971 860 exemplar,
1021 782 1092 842 et
1138 778 1195 841 si
1246 777 1433 859 quod
1482 777 1974 860 apographum
2037 783 2183 840 eius
2243 777 2630 841 exsistebat
2691 783 2762 841 et
2807 777 3012 841 huius
3061 783 3133 841 et
3181 778 3383 843 illius

589 886 852 951 codicis
913 886 1253 950 lectiones
1303 884 1704 948 exhibebat.
1800 884 2159 947 Interdum
2221 883 2436 948 etiam
2485 884 2767 949 codices
2816 903 2907 948 ex
2954 885 3123 967 ipsis
3172 890 3384 967 typo-

584 993 942 1057 thetarum
976 992 1306 1074 operibus
1340 991 1678 1072 exscripti
1711 997 1892 1071 sunt,
1930 997 2004 1054 ut
2037 989 2441 1055 Turicensis
2474 1009 2564 1055 ex
2597 990 2904 1054 editione
2937 991 3388 1056 Katharensi
3495 1040 3496 1045 η

582 1100 922 1183 (Venetiis
961 1104 1154 1181 1476)
1191 1139 1275 1146 —-
1310 1099 1397 1163 cf.
1434 1098 1673 1178 Orelli,
1708 1116 1945 1180 progr.
1981 1116 2218 1179 gymn.
2256 1097 2488 1162 Turic.
2523 1102 2690 1165 1819
2724 1137 2814 1146 —
2845 1103 2916 1162 et
2948 1098 3386 1180 Kappianus

585 1225 676 1271 ex
725 1206 1030 1270 editione
1077 1205 1349 1269 Lotteri
1396 1205 1730 1288 (Norimb.
1773 1205 2003 1293 1509):
2054 1205 2241 1286 quod
2275 1204 2835 1269 Muellenhoffius
2867 1206 2939 1268 in
2974 1206 3385 1288 exemplari

581 1314 702 1377 illo
750 1313 1159 1376 Monacensi
1207 1311 1531 1392 Longolii
1577 1313 1760 1376 notis
1809 1312 2131 1393 praedito
2182 1312 2713 1375 demonstravit.
2793 1311 3181 1377 Praeterea
3231 1313 3382 1376 viri

584 1420 772 1485 docti
820 1420 958 1483 illis
1001 1418 1433 1501 temporibus
1466 1419 1891 1483 correcturis
1924 1418 2351 1483 coniecturis
2383 1418 3045 1499 interpolationibus
3076 1420 3378 1484 minime

588 1532 1081 1609 pepercerunt,
1131 1526 1234 1590 ita
1282 1529 1358 1588 ut
1407 1525 1823 1589 deterrimus
1873 1526 2169 1607 quisque
2219 1525 2449 1590 codex
2490 1526 2631 1588 iam
2680 1525 3093 1607 archetypO,
3147 1544 3185 1589 e
3233 1544 3382 1608 quo

585 1633 805 1713 fiuxit,
854 1633 1139 1696 minime
1188 1633 1278 1696 sit
1325 1632 1587 1696 811111118.
1683 1632 1800 1696 Sic
1857 1632 2084 1696 codex
2140 1631 2663 1696 Arundelianus
2724 1651 2867 1695 non
2931 1633 3073 1696 iam
3141 1633 3385 1714 ipsam

582 1738 811 1804 Taciti
869 1737 1346 1819 Germaniam,
1412 1739 1561 1802 sed
1597 1738 2094 1820 paraphrasim
2157 1738 2306 1801 eius
2372 1739 2662 1802 arbitrio
2724 1739 2996 1804 librarii
3063 1741 3380 1821 pessime

583 1846 1053 1927 depravat-am
1102 1846 1390 1909 exhibet
1437 1846 1551 1928 (cf.
1586 1844 1795 1925 Jahn,
1846 1845 2097 1908 Archiv
2140 1847 2265 1930 fiir
2316 1846 2688 1930 Philoloyie
2735 1847 2876 1910 und
2927 1847 3378 1933 Paedaqoyz‘k

589 1958 757 2019 1853
805 1970 872 2033 p.
925 1958 1052 2019 459
1102 1957 1314 2034 sqq.):
1372 1970 1540 2016 nam
1596 1958 1962 2016 crescente
2028 1952 2351 2017 codicum
2412 1970 2724 2032 numerO,
2775 1953 2896 2034 qui
2955 1953 3140 2017 inter
3208 1972 3383 2035 apo-

583 2060 934 2140 graphum
1000 2058 1540 2123 Henochianum
1605 2062 1676 2122 et
1752 2059 2067 2139 singulos
2145 2059 2427 2124 codices
2506 2059 2891 2124 deteriores
2968 2061 3375 2142 intercedit,

590 2166 845 2230 crescit
881 2166 1095 2229 etiam
1129 2184 1461 2230 numerus
1494 2166 1876 2230 lectionum
1910 2165 2375 2246 singularium
2410 2171 2480 2229 et
2511 2166 2990 2230 inconstantia
3020 2166 3092 2229 in
3126 2167 3375 2232 lectio-

588 2273 792 2336 nibus
842 2291 929 2335 ex
980 2291 1117 2335 uno
1168 2273 1485 2336 alterove
1537 2272 1861 2336 codicum
1917 2289 2180 2351 genere
2243 2271 2622 2352 eligendis:
2690 2292 2828 2355 quo
2885 2273 3093 2336 modo
3143 2275 3377 2356 expli-

585 2384 809 2459 catur,
846 2378 965 2459 qui
996 2379 1148 2441 fieri
1181 2379 1507 2459 potuerit,
1544 2383 1617 2441 ut
1657 2378 1926 2442 Holder
1968 2384 2039 2441 et
2080 2378 2552 2442 Baehrensius
2585 2380 2905 2445 codicem
2936 2380 3375 2446 Hummelia-

586 2503 754 2548 num
804 2485 1086 2547 omnino
1136 2503 1224 2548 ex
1276 2485 1688 2566 apographo
1738 2485 2201 2549 Henochiano
2260 2486 2571 2566 pendere
2619 2492 2968 2567 negarent
3015 2493 3086 2550 et
3132 2487 3381 2551 Mona

585 2609 871 2656 censem
934 2596 1005 2654 et
1061 2591 1677 2671 Stuttgartiensem
1734 2592 1914 2655 tanti
1983 2593 2460 2656 aestimarent.
2557 2592 2740 2657 Huic
2807 2594 2908 2657 rei
2977 2594 3378 2658 obscuriori

591 2699 1106 2780 aliquantulum
1150 2698 1328 2763 lucis
1371 2698 1687 2761 attulisse
1736 2717 1848 2762 me
1891 2717 2134 2779 spero;
2185 2699 2459 2762 etiamsi
2502 2699 2571 2762 in
2614 2699 2909 2781 singulis
2952 2701 3376 2780 erraverim,

588 2807 662 2869 in
711 2807 1119 2868 universum
1166 2809 1405 2869 tamen
1452 2806 1923 2886 suspicionem
1965 2807 2162 2869 illam
2206 2807 2293 2870 de
2336 2807 2677 2887 singulari
2712 2808 2954 2889 aliqua
2986 2808 3377 2874 traditione

593 2911 1023 2977 Germanica
1072 2911 1291 2975 libelli
1339 2912 1577 2994 nostri,
1624 2929 1808 2993 quae
1851 2914 2013 2977 inde
2055 2933 2099 2977 a
2142 2912 2445 2978 Gruberi
2487 2914 2919 2995 temporibus
2960 2915 3095 2998 (ed.
3133 2913 3377 2981 Germ.

599 3025 793 3101 1832)
841 3036 969 3099 per
1016 3019 1415 3099 complures
1463 3019 1806 3083 editiones
1853 3021 2194 3098 manavit,
2244 3020 2500 3083 falsam
2548 3039 2701 3084 esse
2759 3022 3133 3103 constabit,
3202 3023 3380 3104 quia

590 3142 831 3189 omnes
895 3124 996 3186 illi
1064 3123 1346 3189 codices
1410 3125 1528 3205 qui
1592 3133 1945 3189 vocantur
2012 3125 2439 3206 Germanici,
2498 3126 3052 3209 HummelianuS,
3111 3128 3378 3192 Vindo-

589 3231 946 3311 bonensiS,
1026 3230 1492 3312 MonacensiS,
1571 3232 2136 3313 Stuttgartiensis
2214 3251 2344 3315 per
2421 3234 2675 3297 seriem
2753 3234 3076 3299 codicum
3157 3235 3378 3299 inter-

586 3338 987 3402 cedentium
1020 3338 1178 3418 plus
1203 3338 1527 3402 minusve
1553 3339 1943 3419 longiorem
1969 3339 2283 3420 pendent
2309 3358 2399 3403 ex
2425 3339 2839 3421 apographo
2871 3340 3372 3406 Henochiano:

586 3462 807 3527 quare
866 3444 957 3507 ad
1018 3445 1529 3509 restituendum
1588 3452 1858 3509 textum
1915 3447 2173 3509 nullius
2231 3452 2394 3508 sunt
2442 3446 2764 3510 utilitatis
2814 3452 2885 3510 et
2930 3447 3374 3511 redeundum

587 3556 694 3616 est
760 3550 852 3614 ad
919 3550 1201 3615 codices
1266 3552 1425 3615 illos
1488 3553 1831 3632 imprimis
1891 3571 1936 3615 a
1989 3551 2322 3616 Michaeli
2382 3558 2575 3617 recte
2634 3554 3043 3617 aestimatos
3098 3554 3368 3620 ABOD.

588 3658 903 3738 Quorum
972 3657 1108 3720 duo
1176 3659 1304 3722 illa
1367 3677 1633 3739 genera
1679 3658 1797 3722 AB
1856 3663 1925 3720 et
1974 3656 2093 3722 CD
2152 3659 2253 3721 ita
2309 3659 2492 3721 inter
2548 3678 2623 3722 se
2681 3660 2963 3724 differre
3030 3666 3220 3742 put0,
3295 3665 3374 3724 ut

588 3764 900 3828 eiusdem
956 3764 1106 3827 fere
1164 3766 1373 3845 pretii
1432 3765 1754 3846 quamvis
1812 3764 1969 3844 sint,
2021 3764 2139 3826 AB
2189 3774 2427 3828 tamen
2475 3766 2633 3846 plus
2680 3766 3368 3848 interpolationibuS,

590 3869 710 3935 OD
758 3870 915 3951 plus
964 3871 1386 3951 corruptelis
1435 3871 1776 3934 laborent.
1848 3870 2087 3951 Quare
2132 3871 2434 3935 alterum
2476 3872 2727 3936 horum
2769 3891 3112 3954 generum
3161 3873 3373 3938 alteri

582 3978 655 4039 in
692 3976 1101 4039 universum
1135 3977 1482 4058 praeferri
1514 3995 1719 4057 posse
1751 3995 1891 4040 non
1926 3982 2115 4059 put0,
2151 3977 2277 4041 sed
2302 3997 2452 4042 rem
2476 3980 2707 4060 potius
2732 3980 2835 4043 ita
2859 3972 3371 4045 instituendam

588 4100 761 4163 esse,
812 4089 887 4146 ut
933 4084 1228 4164 singulis
1277 4083 1449 4147 locis
1496 4083 1950 4148 iudicandum
2000 4086 2108 4164 sit,
2161 4094 2323 4149 utra
2369 4086 2579 4150 lectio
2629 4087 2718 4149 sit
2764 4087 3034 4150 melior.
3061 4091 3083 4129 1

763 4206 878 4272 Sic
942 4209 1083 4271 iam
1152 4208 1241 4271 ad
1307 4208 1654 4271 rationem
1722 4209 2045 4273 codicum
2113 4210 2540 4273 deteriorum
2606 4212 3082 4293 pervenimuS,
3152 4212 3271 4292 qui
3329 4228 3369 4274 e

589 4331 849 4393 genere
897 4314 959 4377 Y
1006 4315 1327 4396 plerique
1377 4316 1624 4397 exorti,
1674 4315 1743 4379 id
1793 4322 1899 4379 est
1956 4335 2046 4379 ex
2104 4316 2495 4397 archetypo
2554 4316 2879 4381 codicum
2928 4315 3070 4401 OD,
3131 4323 3371 4382 tamen

588 4420 913 4484 meliores
960 4421 1300 4485 lectiones
1347 4422 1465 4484 vel
1514 4440 1552 4485 e
1601 4424 1818 4504 stirpe
1868 4422 1934 4485 X
1984 4427 2429 4503 receperunt.

772 4601 794 4639 1
839 4603 1231 4661 Baehrensius
1296 4609 1357 4662 et
1421 4603 1685 4663 Scheuer
1738 4605 1800 4662 in
1857 4605 2270 4663 dissertatione
2329 4623 2434 4663 sua
2493 4607 2880 4682 archetypum
2940 4606 3210 4665 codicum
3266 4607 3367 4665 CD

586 4690 846 4766 (Y=N)
913 4711 1018 4767 pro
1073 4693 1492 4768 praestantiore
1561 4695 1910 4767 habuerunt,
1974 4694 2072 4752 hic
2126 4694 2440 4770 Dialogum
2503 4713 2736 4771 quoque
2801 4695 2863 4753 in
2923 4695 3365 4772 inquisitionem

592 4797 821 4853 vocans,
886 4799 1002 4856 quo
1065 4786 1215 4839 teste
1283 4781 1369 4839 uti
1432 4800 1549 4841 non
1610 4782 1790 4859 potui,
1847 4783 1984 4859 quia
2041 4788 2273 4858 praeter
2319 4783 2830 4843 Vindobonensem
2882 4803 3002 4842 non
3056 4790 3251 4843 exstat
3305 4783 3366 4841 in

599 4868 892 4927 codicibus
939 4869 1166 4927 nostris
