3509 5600
1823 403 2265 465 -70—

656 597 932 661 ratione
981 596 1335 660 scribendi
1383 614 1547 659 usus
1595 597 1684 659 sit
1729 596 2060 659 librarius
2109 595 2372 659 codicis
2418 593 2518 658 H:
2567 594 2698 657 fuit
2745 592 3247 674 orthographia
3286 594 3394 656 sub

661 706 874 768 finem
931 702 1198 766 saeculi
1247 702 1385 766 XV
1438 702 1714 782 usitata,
1780 701 1989 765 nullis
2047 700 2258 765 certis
2314 701 2588 781 legibus
2646 700 3199 781 circumscripta,
3257 717 3396 781 qua·

657 827 822 875 cum
854 827 1139 890 prorsus
1174 809 1522 873 consentit
1564 808 1826 873 codicis
1859 808 1921 871 V
1952 807 2307 872 scribendi
2340 808 2541 887 rati0,
2578 807 2708 870 nisi
2744 806 2929 888 quod
2964 805 3101 870 hoc
3131 806 3397 870 fortasse

660 916 932 980 moneri
982 917 1219 997 possit,
1270 916 1343 983 in
1390 915 1633 980 codice
1683 913 1748 977 H
1796 914 2078 996 saepius
2128 935 2161 977 c
2209 914 2374 995 poni
2431 903 2559 995 pro
2610 921 2634 977 t
2691 917 2761 976 et
2820 938 2851 976 e
2899 932 3028 995 pro
3078 935 3174 994 ae,
3235 932 3399 977 num-

659 1041 873 1105 quam
916 1041 1088 1085 vero
1132 1023 1214 1085 iis
1256 1022 1449 1101 lociS‚
1503 1023 1617 1086 ubi
1665 1022 2135 1103 grammatica
2183 1028 2306 1084 aut
2353 1020 2827 1100 etymologica
2875 1038 2992 1083 ars
3040 1021 3331 1084 litteram
3373 1041 3401 1083 c

657 1135 979 1212 poscunt,
1037 1130 1376 1210 scriptum
1425 1147 1577 1193 esse
1627 1137 1670 1204 t,
1731 1134 1854 1192 aut
1908 1147 2036 1211 pro
2099 1128 2400 1209 simplici
2449 1149 2481 1191 e
2532 1127 3045 1209 diphthongum
3095 1149 3192 1208 ae,
3241 1128 3398 1209 quod

657 1238 730 1299 in
781 1236 1025 1301 codice
1060 1236 1119 1296 V
1168 1237 1448 1319 saepius
1497 1238 1763 1302 factum
1812 1255 1964 1301 esse
2016 1237 2355 1316 videmus,
2404 1240 2481 1299 ut
2529 1236 2635 1298 his
2683 1236 2891 1300 locis:

657 1426 815 1490 V15
849 1391 1329 1488 'commertiorum
1363 1465 1442 1473 —
1480 1423 1652 1486 XIII
1669 1430 1745 1486 12
1781 1428 1993 1486 iuditio
2025 1463 2110 1471 —
2145 1422 2475 1486 XXIV12
2501 1427 2820 1503 pervicatia
2848 1461 2936 1468 —
2961 1422 3210 1487 XXV5
3245 1428 3407 1504 offitia
3491 1466 3492 1487 1

660 1558 733 1614 et

659 1676 779 1739 X9
814 1681 1262 1755 interpraetatur
1297 1714 1372 1722 —
1410 1674 1548 1737 XX
1567 1680 1647 1738 20
1672 1679 1904 1754 praetia
1935 1714 2017 1721 —
2053 1673 2227 1736 XXI
2247 1680 2282 1737 9
2316 1678 2541 1753 aepulis
2574 1712 2659 1720 -·
2691 1672 2981 1736 XXIVG
3005 1679 3300 1753 praetium
3339 1713 3410 1720 —

660 1781 865 1846 XXV
883 1789 920 1845 3
958 1793 1238 1862 poenales
1263 1822 1349 1829 —-
1375 1781 1619 1845 XXXI
1642 1789 1673 1844 7
1704 1786 1937 1861 praetia
1992 1787 2068 1844 13
2094 1804 2314 1860 paones
2338 1820 2420 1827 —
2448 1778 2683 1842 XLIII
2704 1787 2780 1843 17
2810 1785 3310 1859 intemaetatiowe
3340 1819 3408 1826 —

662 1888 855 1953 XLV
871 1895 952 1952 30
1003 1913 1321 1969 ezrpmessa.

842 2074 1037 2156 Quas
1087 2075 1515 2139 differentias
1558 2116 1640 2123 -—
1683 2078 1761 2137 ut
1806 2078 1970 2137 sunt
2010 2075 2413 2138 levissimae
2454 2115 2541 2123 —
2581 2092 2723 2137 non
2766 2074 3170 2138 curabimus
3203 2090 3414 2155 neque

662 2181 945 2245 omnino
990 2182 1397 2262 dolebimus,
1443 2182 1627 2263 quod
1663 2200 1803 2243 non
1837 2200 2077 2244 omnes
2112 2189 2182 2245 et
2215 2182 2477 2246 codicis
2510 2181 2570 2244 H
2608 2188 2678 2244 et
2711 2181 2974 2245 codicis
3008 2181 3070 2243 V
3103 2188 3416 2245 servatae
3495 2188 3496 2269 l

660 2289 862 2352 nobis
910 2293 1072 2352 sunt
1119 2289 1360 2352 sordes
1408 2288 2023 2369 orthographicae.
2086 2287 2390 2353 Gravior
2438 2288 2580 2351 iam
2627 2292 2734 2351 est
2782 2288 3062 2352 iactura
3109 2288 3191 2351 iis
3236 2288 3417 2366 lociS,

661 2397 779 2461 ubi
829 2400 952 2460 aut
1000 2396 1065 2459 H
1114 2400 1236 2483 aut
1282 2396 1341 2458 V
1388 2395 2048 2477 interpolationibus
2096 2395 2447 2475 laborant,
2498 2412 2728 2477 neque
2788 2395 2954 2477 quid
3013 2396 3197 2459 alter
3242 2394 3417 2458 exhi-

661 2503 893 2568 buerit
963 2503 1240 2567 scimus.
1344 2502 1765 2583 Plerumque
1837 2501 2207 2581 allicimur,
2290 2505 2364 2563 ut
2437 2520 2476 2564 e
2548 2502 2825 2566 silentio
2904 2501 3420 2578 concludamuS,

660 2612 965 2675 alterum
1014 2610 1331 2674 codicem
1379 2610 1630 2674 fecisse
1680 2628 1842 2674 cum
1888 2609 2191 2673 lectione
2240 2609 2566 2690 vulgata:
2611 2610 2735 2673 sed
2780 2609 2995 2673 talem
3037 2607 3420 2674 coniciendi

662 2718 854 2781 viam
903 2718 1250 2781 lubricam
1309 2735 1461 2780 esse
1517 2717 1657 2779 iam
1721 2716 2003 2798 saepius
2065 2717 2342 2799 monui3
2407 2716 2735 2781 accidere
2800 2716 2986 2779 enim
3049 2718 3297 2799 potuit,
3360 2726 3424 2779 ut

660 2826 845 2889 alter
917 2824 1217 2888 eandem
1282 2814 1897 2905 interpolationem
1964 2825 2356 2905 exhiberet,
2420 2843 2602 2906 quae
2671 2823 2995 2888 collatori
3056 2841 3199 2887 non
3263 2824 3424 2887 satis

659 2932 905 3013 gravis
952 2931 1334 3012 videretur,
1385 2948 1598 3013 quam
1645 2938 1988 2994 enotaret.
2059 2929 2209 2994 Has
2258 2931 2472 3011 igitur
2518 2931 2861 2996 lectiones
2910 2932 3317 2996 omittamus
3361 2939 3422 2994 et

661 3057 782 3103 eos
853 3043 1127 3102 tantum
1198 3039 1391 3103 locos
1454 3039 2001 3116 consideremus
2070 3038 2321 3119 quibus
2384 3040 2608 3102 altero
2671 3039 2919 3104 codice
2983 3052 3108 3103 aut
3168 3045 3427 3104 temere

661 3151 995 3227 corrupto
1045 3152 1168 3208 aut
1216 3146 1533 3210 consulto
1589 3146 2020 3226 interpolato
2080 3146 2382 3209 alterum
2437 3147 2817 3210 lectionem
2866 3147 3238 3227 vulgatam
3299 3164 3428 3212 ser-

659 3272 871 3317 vasse
914 3253 1371 3317 collationum
1413 3253 1810 3317 testimonio
1854 3252 2206 3318 docemur.
2265 3253 2497 3334 Atque
2540 3254 2844 3334 primum
2879 3253 3167 3334 quidem
3203 3254 3430 3318 videa·

659 3379 835 3442 muS,
887 3359 1139 3441 quibus
1186 3359 1361 3423 locis
1407 3357 1473 3421 H
1521 3363 1894 3441 corruptus
1944 3363 2065 3422 aut
2111 3359 2596 3441 interpolatus,
2647 3360 2709 3424 V
2758 3377 2933 3423 vero
2991 3360 3272 3442 integer
3328 3361 3430 3425 sit.

1116 3536 1285 3617 Cap.
1590 3536 1658 3601 H
1704 3540 2078 3618 corruptus
2368 3536 2430 3600 V
2478 3537 2711 3621 (lectio
2769 3539 3114 3621 vulgata).

1162 3679 1264 3742 III
1280 3686 1358 3743 18
1496 3685 1713 3742 raeeiae
1754 3684 2163 3759 yermam'eque
2356 3687 2608 3760 (yerman
2618 3685 2726 3754 iae)
2774 3687 3100 3761 raetiaeque

1162 3786 1258 3849 VI
1280 3794 1309 3849 1
1320 3793 1356 3849 Ο
1495 3792 1948 3866 distinyuuntur
2350 3791 2769 3865 disti(n)9uunl

1020 3893 1265 3957 XVIII
1324 3901 1359 3957 5
1499 3899 1769 3956 ambiunt
2353 3899 2695 3956 ambiuntur

1092 3998 1264 4060 XIX
1326 4007 1357 4063 7
1499 4011 1550 4062 et
1585 4024 1694 4080 per
2353 4024 2417 4062 ac
2451 4023 2561 4080 per

1070 4106 1266 4169 XLII
1326 4113 1362 4168 3
1501 4113 1677 4168 amm
1721 4112 1855 4186 ipsa
1900 4111 2003 4187 (ita
2037 4091 2115 4185 ’13)
2353 4111 2480 4186 ipsa
2524 4113 2703 4170 etiam

1039 4212 1265 4275 XLVI
1283 4220 1312 4275 1
1326 4220 1360 4276 9
1497 4218 1873 4293 ferarumque
1917 4217 2206 4276 imbrium
2358 4218 2669 4294 (ferarum)
2718 4220 3095 4295 inbriumque

1519 4372 1583 4435 H
1630 4373 2099 4453 interpolatus

959 4515 1268 4579 XXXIV
1283 4524 1312 4579 1
1328 4524 1357 4579 1
1498 4522 1909 4580 consuevimus
2349 4522 2802 4598 00(n)sensimus

954 4622 1268 4684 XXXIX
1327 4630 1362 4686 3
1502 4633 1714 4686 statuto
2352 4634 2500 4686 stato

842 4799 1089 4880 Neque
1139 4800 1390 4863 desunt
1430 4801 1586 4881 loci,
1633 4801 1885 4882 quibus
1926 4800 1991 4863 H
2032 4801 2251 4865 faciat
2292 4819 2453 4866 cum
2494 4803 2798 4866 lectione
2829 4803 3149 4885 vulgata,
3187 4813 3446 4870 contra

661 4907 727 4970 V
759 4909 849 4971 sit
897 4914 1269 4988 corruptus
1319 4916 1442 4971 aut
1487 4909 1990 4990 interpolatus:
