3509 5600
1314 391 1714 451 -5-

126 581 529 645 Hummelio
577 581 920 662 Longolio
978 580 1314 661 Sellingio
1380 585 1671 644 utuntur
1728 582 2050 661 testibus3
2110 599 2291 662 quae
2349 581 2418 643 in
2478 580 2902 645 editionibus

124 688 433 754 Gruberi
497 689 749 772 (Berol.
826 694 1020 770 1832)
1084 689 1432 754 Waltheri
1494 688 1719 770 (Halis
1784 688 2141 753 Saxonum
2206 693 2397 771 1833)
2468 687 2900 751 Μο55100001

126 796 677 879 (Quedlinburgi
712 802 782 859 et
814 795 1097 877 Lipsiae
1130 800 1323 877 1847)
1357 796 1757 859 tribuuntur
1791 795 2017 859 codici
2043 795 2536 858 Hummeliano
2564 795 2905 859 lectiones

125 905 197 967 in
236 903 345 966 his
379 903 601 966 tribus
636 903 1131 968 collationibus
1164 921 1305 966 non
1339 907 1702 967 exstantes
1735 941 1819 950 -—
1853 920 2082 984 neque
2124 909 2286 966 sunt
2328 906 2473 965 tam
2507 920 2784 983 paucae
2821 941 2907 950 —-

125 1016 253 1074 aut
302 1030 341 1074 e
389 1011 666 1074 silentio
731 1011 1008 1074 testium
1079 1012 1459 1074 conclusae
1524 1016 1646 1073 aut
1707 1009 2163 1090 neglegentia
2224 1008 2570 1072 editorum
2619 1026 2708 1071 ex
2758 1008 2898 1071 alio

124 1117 438 1198 quodam
489 1118 735 1182 codice
785 1117 1247 1199 depromptae
1295 1123 1366 1180 et
1406 1134 1534 1198 per
1567 1134 1878 1180 errorem
1913 1116 2139 1180 codici
2171 1115 2237 1178 H
2271 1115 2676 1196 adscriptae
2710 1121 2902 1178 sunt:

124 1244 360 1307 neque
412 1243 571 1288 eam
621 1227 708 1289 ob
757 1243 906 1289 rem
955 1226 1098 1288 ullo
1146 1226 1303 1289 loco
1352 1225 1422 1287 111
1470 1223 1902 1288 restituendo
1950 1223 2014 1286 H
2064 1223 2340 1303 dignae.

311 1333 671 1413 Quantum
723 1332 813 1395 ad
861 1332 1036 1395 illud
1083 1331 1374 1395 Holderi
1424 1331 1686 1395 dictum
1735 1328 2113 1411 (Teubneri
2164 1348 2411 1394 comm.
2468 1335 2635 1396 1878
2678 1347 2745 1409 p.
2791 1333 2903 1410 45)

128 1448 471 1521 quattuor
503 1440 633 1504 sibi
679 1440 830 1501 usui
879 1439 1091 1502 fuisse
1126 1438 1541 1503 collationes
1575 1437 1838 1502 codicis
1870 1436 2342 1500 Hummeliani
2380 1437 2651 1516 attinet,
2688 1436 2904 1499 liceat

126 1547 320 1627 mihi,
350 1547 436 1610 de
465 1552 721 1629 quarta
746 1547 871 1609 illa
895 1546 1275 1611 collatione
1308 1545 1522 1626 paulo
1556 1545 1741 1607 infra
1776 1544 2141 1624 disserere,
2178 1544 2294 1607 ubi
2328 1544 2465 1606 1010
2503 1543 2901 1623 apparebit,

126 1673 352 1736 quare
414 1673 571 1717 eam
629 1653 764 1717 hoc
826 1654 982 1717 loco
1046 1652 1426 1716 omiserim:
1493 1670 1683 1716 nunc
1746 1652 1886 1714 10111
1948 1651 2344 1730 videamuS,
2411 1650 2748 1731 quidnam
2812 1668 2904 1712 ex

127 1761 550 1841 HummeliO,
600 1760 961 1841 Longoli0,
1012 1760 1346 1839 Sellingio
1406 1766 1741 1841 sequatur
1819 1759 1908 1822 ad
1966 1758 2267 1821 indolem
2329 1758 2592 1821 codicis
2650 1773 2906 1836 cogno-

125 1869 469 1933 scendam
517 1908 604 1916 —
652 1869 737 1931 de
795 1868 931 1931 fide
980 1867 1166 1930 enim
1214 1867 1464 1930 harum
1530 1866 1986 1931 collationum
2047 1884 2173 1928 cur
2236 1864 2630 1927 dubitemus
2680 1882 2901 1927 causa

126 1995 264 2038 1100
349 1980 488 2039 051;
569 1994 734 2038 nam
813 1993 1053 2038 omnes
1131 1980 1274 2042 tres
1339 1975 1430 2037 ad
1500 1993 1711 2037 unum
1790 1972 2231 2053 eundemque
2310 1971 2628 2036 codicem
2696 1970 2906 2052 perti-

128 2101 299 2146 nere
347 2084 532 2146 tituli
583 2101 827 2146 earum
877 2082 1394 2145 demonstrant:
1445 2080 1881 2144 Hummelius
1931 2080 2015 2143 de
2064 2097 2188 2143 suo
2237 2080 2386 2159 ipse
2436 2078 2682 2142 codice
2731 2077 2896 2158 egit,

128 2190 514 2270 Longolius
547 2208 622 2253 se
657 2190 975 2253 codicem
1010 2191 1100 2251 ab
1126 2188 1525 2252 Hummelio
1561 2188 1924 2268 accepisse
1958 2187 2145 2266 dicit,
2173 2185 2549 2264 Sellingius
2583 2185 2900 2249 codicem

129 2299 487 2380 expressis
542 2298 774 2360 verbis
825 2299 1143 2379 appellat
1190 2297 1782 2360 Hummelianum.

306 2426 541 2503 Atque
599 2422 901 2503 primum
960 2423 1241 2504 quidem
1301 2422 1387 2485 de
1450 2435 1742 2485 externo
1809 2419 2052 2482 habitu
2117 2418 2379 2483 codicis
2427 2418 2489 2481 H
2539 2419 2596 2481 si
2647 2418 2901 2497 agitur,

130 2531 595 2610 gravissimus
656 2536 904 2593 auctor
961 2534 1067 2593 est
1121 2529 1580 2593 Hummelius,
1684 2528 1751 2590 Is
1810 2527 2126 2591 codicem
2182 2544 2383 2588 51111111
2443 2526 2904 2590 chartaceum

129 2638 344 2701 fuisse
398 2636 633 2715 tradit,
684 2637 1022 2718 scriptum
1073 2676 1160 2683 —-
1209 2642 1283 2698 ut
1332 2636 1482 2717 ipse
1533 2635 1860 2698 aestimat
1891 2673 1980 2682 —
2020 2633 2353 2696 trecentis
2406 2633 2519 2695 vel
2571 2631 2906 2695 trecentis

127 2744 650 2827 quinquaginta
698 2744 900 2807 annis
950 2748 1149 2807 ante:
1202 2761 1383 2825 quae
1435 2742 1847 2807 coniectura
1892 2759 2018 2804 nos
2066 2740 2136 2803 in
2186 2740 2493 2804 medium
2542 2740 2903 2804 saeculum

130 2854 456 2934 quintum
520 2852 870 2915 decimum
932 2852 1206 2931 relegat
1264 2855 1334 2914 et
1381 2852 1564 2914 bene
1613 2849 1948 2913 convenit
1995 2866 2152 2912 curn
2203 2848 2716 2928 subscriptione
2767 2844 2905 2910 col-

130 2959 416 3024 lationis
488 2959 1004 3039 Longolianae,
1078 2976 1260 3039 quae
1336 2957 1655 3022 codicem
1731 2955 2049 3036 appellat
2127 2976 2259 3016 non
2331 2953 2617 3016 maltam
2687 2971 2905 3033 supra

129 3066 627 3151 typoyraphiae
705 3066 971 3129 natales
1049 3065 1579 3128 adscendentem.
1698 3061 2122 3127 Continebat
2207 3060 2433 3123 codex
2519 3057 2907 3122 secundum

126 3173 607 3236 Hummelium
643 3173 815 3236 folia
846 3171 1409 3253 quattuordecim
1445 3175 1516 3233 et
1555 3169 1625 3232 in
1659 3168 1953 3249 singulis
1985 3167 2263 3249 paginis
2297 3167 2603 3231 tricenos
2636 3182 2906 3245 versuS,

127 3281 489 3362 scriptura
546 3285 702 3343 erat
767 3278 1031 3341 munda
1088 3283 1157 3340 et
1215 3276 1443 3340 facilis
1501 3276 1719 3354 lectu,
1778 3275 2001 3337 multa
2057 3278 2262 3337 erant
2323 3271 2763 3353 compendia,
2828 3292 2908 3334 ae

127 3391 196 3450 et
291 3408 365 3451 oe
447 3386 865 3467 diphthongi
955 3403 1081 3466 per
1168 3402 1380 3447 unam
1471 3400 1751 3464 semper
1833 3403 1864 3445 e
1948 3383 2271 3447 vocalem
2360 3380 2706 3461 scriptae3
2792 3378 2905 3440 de-

122 3500 336 3557 erant
388 3493 854 3557 distinctionis
902 3493 1105 3572 signa
1152 3496 1438 3572 praeter
1488 3495 1830 3572 punctum
1871 3494 1940 3552 et
1970 3489 2240 3569 signum
2293 3486 2905 3566 interrogativum.

124 3601 505 3682 Scriptura
555 3618 692 3662 uno
743 3604 985 3662 tenore
1034 3599 1448 3663 continuata
1492 3601 1648 3660 erat
1688 3597 1838 3659 sine
1880 3595 2126 3676 spatiis
2167 3597 2372 3657 finem
2408 3593 2752 3657 enuntiati
2789 3593 2905 3657 vel

122 3708 390 3790 capitis
424 3707 921 3770 indicantibus,
972 3706 1240 3768 Nomen
1274 3704 1566 3783 librarii,
1602 3703 1720 3784 qui
1747 3700 2528 3780 codicem-conscripsit,
2559 3717 2906 3779 nusquam

125 3815 521 3893 existebam
598 3813 731 3894 ipsi
795 3812 1088 3876 chartae
1151 3830 1278 3893 pro
1345 3811 1546 3891 signo
1619 3809 1944 3873 officinae
2005 3807 2389 3888 impressae
2458 3809 2663 3868 erant
2725 3805 2908 3868 duae

124 3922 443 4003 sagittae
494 3921 565 3983 in
617 3921 949 3984 decusses
997 3920 1324 3999 obliquae
1367 3927 1438 3981 et
1479 3916 1744 3981 circulo
1777 3914 2169 3996 impositae.
2240 3912 2605 3992 Proprium
2642 3912 2907 3976 codicis

125 4030 352 4093 fuisse
418 4027 799 4107 Sellingius
862 4030 1160 4089 testatur
1222 4031 1483 4105 (progr.
1536 4041 1602 4104 p.
1651 4020 1900 4103 XXV),
1961 4020 2145 4102 quod
2210 4020 2625 4100 plerumque
2687 4058 2774 4066 —
2837 4019 2907 4080 in

124 4136 403 4219 primis,
469 4143 546 4197 ut
604 4153 642 4197 e
704 4133 1046 4214 Longolio
1112 4136 1431 4213 apparet,
1496 4130 1659 4194 inde
1723 4148 1767 4192 a
1830 4129 2064 4210 capite
2126 4126 2434 4190 XXVIII
2482 4165 2571 4174 —
2607 4109 2907 4191 ’0010100

119 4244 556 4326 populorum
599 4240 891 4323 propria
928 4239 998 4301 111
1038 4238 1358 4319 margine
1408 4238 1678 4318 liquore
1725 4237 1938 4298 rubro
1988 4234 2234 4297 eadem
2283 4251 2519 4311 manu,
2564 4251 2706 4313 qua
2749 4250 2910 4296 con-

120 4357 371 4416 textus
460 4351 870 4427 verborum,
969 4346 1331 4427 adscripta
1425 4349 1649 4407 erant.
1730 4382 1817 4391 ——
1907 4341 2022 4406 Sic
2109 4339 2197 4402 ad
2288 4340 2478 4420 ipsas
2568 4339 2909 4403 lectiones

123 4458 403 4522 codicis
451 4456 516 4519 H
564 4456 989 4535 transiimuS,
1042 4455 1127 4518 de
1177 4454 1427 4535 quibus
1488 4452 1628 4514 iam
1688 4449 2061 4514 dicendum
2125 4448 2325 4511 nobis
2388 4453 2528 4511 est:
2594 4465 2757 4510 nam
2818 4465 2909 4509 ex

120 4565 230 4629 his
306 4563 608 4645 singulis
672 4563 1113 4639 lectionibus,
1182 4579 1366 4643 quae
1433 4560 1503 4622 in
1571 4557 1950 4621 Hummelii
2015 4555 2336 4635 Longolii
2399 4554 2715 4634 Sellingii
2773 4553 2911 4615 col-

122 4672 522 4737 lationibus
571 4675 873 4750 exstant,
923 4687 1184 4732 novam
1234 4668 1745 4731 restitutionem
1806 4664 2068 4730 codicis
2129 4662 2606 4725 Hummeliani
2668 4661 2909 4724 facere

116 4784 433 4844 conatus
495 4795 669 4859 sum,
731 4777 917 4840 illius
966 4766 1357 4841 Woelfflini
1418 4773 1587 4837 dicti
1633 4789 1920 4852 memor,
1978 4788 2119 4832 non
2169 4787 2376 4850 posse
2427 4768 2513 4831 de
2567 4773 2717 4830 tota
2772 4767 2910 4829 hac

118 4885 554 4971 quaestione
597 4885 714 4966 agi
756 4884 888 4947 nisi
930 4883 1349 4947 lectionibus
1384 4877 1648 4945 codicis
1682 4880 1744 4943 H
1781 4881 1870 4943 ab
1905 4877 2090 4941 omni
2127 4876 2563 4939 dubitatione
2597 4873 2905 4938 remotis,
