3509 5600
1247 385 1731 445 —111—

281 578 578 641 Restant
624 591 894 657 septem
942 576 1100 655 loci,
1151 578 1403 658 quibus
1450 577 1516 639 M
1567 580 1637 640 et
1684 577 1729 641 S
1779 596 1854 641 re
1905 595 2079 641 vera
2126 578 2572 641 consentiunt
2621 581 2873 640 contra

98 685 477 749 lectionem
513 685 880 764 vulgatam
923 684 1043 763 ita,
1090 690 1163 746 ut
1203 684 1428 764 primo
1474 691 1767 765 aspectu
1811 685 2108 764 cogitari
2147 686 2366 765 possit
2400 684 2486 747 de
2521 683 2873 748 communi

98 794 412 874 quodam
461 792 883 872 archetypo:
936 791 1059 854 sed
1109 790 1244 854 hae
1294 808 1573 871 quoque
1622 791 1961 855 lectiones
2017 798 2140 854 aut
2196 792 2481 854 minoris
2537 791 2875 854 momenti

98 906 265 963 sunt
328 903 450 961 aut
520 899 734 962 etiam
805 899 876 961 in
946 899 1236 979 reliquis
1307 898 1671 963 codicibus
1743 899 2205 962 deterioribus
2276 900 2624 979 leguntur,
2698 917 2873 980 quos

98 1024 348 1068 omnes
396 1023 487 1068 ex
538 1023 671 1067 uno
722 1005 1109 1086 eodemque
1160 1005 1550 1086 archetypo
1601 1005 1959 1069 derivatos
2016 1024 2168 1069 esse
2216 1024 2421 1069 nemo
2472 1005 2872 1069 contendet.

98 1112 279 1176 Sunt
329 1116 565 1175 autem
615 1111 752 1174 hae
800 1112 1166 1175 lectiones:

282 1236 498 1301 V115
579 1235 924 1321 vincire]
1004 1237 1310 1299 vincere
1388 1236 1524 1301 MS.
1635 1235 1809 1300 Cum
1885 1236 1999 1300 MS
2065 1237 2335 1300 faciunt
2400 1235 2683 1300 codices
2747 1235 2876 1298 Ro-

98 1361 356 1407 manus
435 1343 851 1424 (Angelicae
922 1343 1430 1425 Bibliothecae)
1501 1349 1572 1406 et
1641 1342 1953 1406 Venetus
2030 1342 2416 1407 secundum
2494 1342 2875 1405 editionem

102 1450 755 1514 Massmannianam
804 1468 869 1531 p.
923 1455 1026 1516 57.
1340 1448 1346 1454 ’

283 1565 508 1641 XXV
531 1582 603 1641 11
660 1575 783 1659 iis]
833 1575 993 1659 hijs
1049 1574 1185 1639 MS.
1297 1575 1400 1638 his
1471 1575 1780 1656 quinque
1850 1579 2134 1655 praeter
2198 1579 2470 1636 nostros
2537 1572 2879 1635 exhibent

100 1683 389 1747 codices
450 1683 585 1745 hoc
645 1682 800 1745 loco
865 1681 979 1762 (cf.
1029 1681 1433 1744 Massmann
1494 1700 1559 1762 p.
1612 1686 1741 1763 89),
1805 1688 1877 1743 ut
1934 1681 2338 1762 corruptela
2395 1686 2501 1743 est
2548 1680 2880 1761 frequen-

105 1790 398 1853 tissima.

286 1915 723 1981 XXV11116
803 1914 1462 1999 affectationem]
1540 1916 2061 1999 affectionem
2147 1912 2283 1977 MS.
2403 1910 2464 1973 A
2552 1910 2877 1974 codicum

104 2027 509 2085 nostrorum
557 2034 761 2102 parte
808 2021 1166 2085 Romanus
1214 2039 1492 2102 quoque
1543 2024 1684 2084 stat
1731 2027 1802 2085 et
1849 2022 1930 2084 H.

287 2147 684 2214 XXXIV2
748 2146 1183 2230 thasuarii]
1249 2145 1671 2229 chasuarij
1733 2144 1872 2210 MS.
1960 2166 1993 2209 c
2035 2152 2105 2208 et
2146 2153 2171 2208 t
2211 2144 2547 2208 facillime
2591 2141 2880 2205 confun-

100 2255 387 2333 duntur,
440 2252 622 2315 unde
673 2252 1017 2315 Chasuarii
1064 2252 1462 2315 invenimus
1506 2253 1716 2315 etiam
1762 2253 1831 2314 in
1882 2252 2240 2316 codicibus
2282 2250 2631 2313 Vaticano
2681 2253 2878 2327 4498,

106 2360 457 2424 Urbinate
509 2364 657 2439 655,
707 2358 1042 2439 Romam,
1092 2357 1605 2421 HummelianO.

288 2485 491 2550 XL4
537 2483 837 2567 varini]
885 2484 1138 2546 varmi
1186 2482 1330 2563 MS,
1382 2483 1791 2564 corruptela
1838 2500 2048 2563 quam
2097 2482 2474 2546 levissima.

287 2609 531 2674 XLIII
551 2612 647 2676 23
695 2608 1044 2692 feritati]
1089 2609 1429 2693 feritate
1475 2607 1611 2686 MS,
1662 2606 2054 2669 ablativum
2097 2623 2337 2669 casum
2371 2605 2682 2667 Venetus
2717 2620 2882 2683 quo-

102 2735 241 2798 que
296 2714 521 2778 codex
569 2715 882 2794 praebet.

287 2842 563 2907 XLV5
614 2841 970 2925 deorum]
1022 2863 1283 2905 eoram
1328 2841 1478 2905 MS:
1523 2840 1704 2904 haec
1745 2840 1956 2905 lectio
1997 2845 2372 2920 praeterea
2414 2839 2483 2900 in
2519 2801 2882 2901 codicibus

100 2948 473 3026 Urbinate,
524 2947 861 3029 Roman0‚
911 2947 1317 3011 Florentino
1368 2949 1642 3028 legitur.

284 3054 625 3135 Reliquae
658 3054 799 3117 iam
833 3057 995 3117 sunt
1027 3073 1065 3117 e
1099 3059 1296 3117 tanto
1340 3055 1720 3119 lectionum
1764 3051 2299 3133 congruentium
2340 3069 2629 3113 numero
2675 3050 2879 3129 duae,

98 3162 361 3243 quibus
409 3179 486 3223 re
536 3179 713 3223 vera
759 3160 827 3222 M
877 3167 946 3223 et
993 3159 1037 3224 S
1095 3161 1453 3225 coniuncti
1500 3164 1691 3223 stant
1747 3164 1998 3224 contra
2052 3158 2426 3222 lectionem
2476 3157 2881 3236 vulgatam:
3004 3190 3008 3194 .

669 3267 871 3330 XXV
921 3275 955 3331 6
1050 3272 1153 3331 MS
1200 3278 1251 3330 et
1297 3273 1460 3330 liberi
1795 3272 1898 3328 Lv.
1952 3290 2019 3329 ao
2064 3270 2227 3327 liberi

590 3373 863 3436 XXXV
880 3380 907 3436 1
922 3381 958 3437 3
1198 3384 1381 3452 ayunt
1952 3382 2129 3452 ayant

290 3499 493 3580 Quae
526 3500 866 3563 lectiones
910 3507 1031 3562 aut
1073 3517 1241 3563 casu
1289 3499 1736 3561 consentiunt
1770 3501 1892 3561 aut
1924 3517 2014 3560 ex
2049 3515 2184 3560 uno
2219 3497 2606 3576 eodemque
2640 3494 2883 3558 arche-

104 3617 280 3690 typo
332 3606 679 3671 deductae
742 3612 934 3670 sunt:
1000 3605 1185 3686 quod
1248 3611 1395 3668 tum
1459 3606 1738 3668 demum
1803 3605 2189 3668 diiudicare
2253 3603 2656 3684 poterimuS,
2723 3619 2884 3665 cum

102 3714 402 3778 Holderi
461 3713 777 3777 codicem
826 3741 862 3800 y
908 3713 1195 3793 reliquis
1253 3713 1673 3776 lectionibus
1735 3711 2058 3776 codicum
2105 3711 2175 3772 M
2224 3713 2293 3772 et
2340 3709 2384 3773 S
2443 3709 2885 3772 consentien-

104 3822 298 3886 tibus
349 3820 1021 3901 amplificaverimus
1071 3826 1139 3882 et
1186 3820 1252 3881 in
1307 3819 1497 3883 hunc
1545 3836 1961 3882 consensum
2020 3816 2608 3896 inquisiverimus.
2703 3813 2885 3876 Nam

102 3928 301 3991 hanc
365 3942 511 3989 rem
573 3925 840 3989 Holder
904 3926 994 3989 ad
1058 3925 1464 3989 umbilicum
1529 3943 1670 3987 non
1733 3923 2060 3986 adduxit:
2122 3940 2348 4002 neque
2408 3921 2593 3984 enim
2644 3938 2886 3984 omnes

102 4033 454 4098 lectiones
502 4033 823 4096 codicum
873 4034 940 4096 M
974 4039 1043 4097 et
1085 4034 1129 4098 S
1178 4033 1502 4115 proprias
1551 4037 1621 4096 et
1667 4033 1850 4094 inter
1898 4050 1972 4095 se
2022 4035 2493 4110 congruentes
2541 4029 2668 4090 sub
2720 4032 2890 4090 nota

102 4168 136 4226 y
184 4138 502 4216 collegit.
600 4138 804 4218 Quod
854 4158 1013 4204 cum
1062 4158 1199 4202 non
1250 4140 1528 4219 fecerit,
1581 4138 2181 4219 comparationem
2233 4137 2552 4200 codicum
2604 4134 2673 4197 M
2722 4139 2791 4197 et
2840 4132 2884 4197 S

104 4249 347 4312 denuo
394 4246 839 4309 instituamus
887 4265 1175 4309 necesse
1225 4255 1349 4309 est.
1448 4245 1606 4326 Qua
1663 4246 1734 4308 in
1793 4264 1869 4308 re
1930 4244 2230 4326 primum
2294 4242 2574 4323 quidem
2645 4258 2886 4304 omnes

102 4353 456 4418 lectiones
505 4356 626 4414 aut
675 4352 1193 4416 consentientes
1243 4358 1364 4414 aut
1429 4351 1918 4415 dissentientes
1985 4350 2415 4429 omittamuS‚
2476 4366 2659 4430 quae
2723 4347 2889 4411 scri-

102 4458 330 4525 bendi
393 4464 664 4521 tantum
726 4459 1018 4522 rationis
1080 4477 1300 4522 causa
1360 4461 1690 4521 enotatae
1752 4461 1932 4537 sunt,
1994 4461 2063 4519 et
2122 4456 2191 4517 in
2256 4456 2507 4536 quibus
2560 4459 2681 4517 aut
2729 4472 2889 4517 con-

104 4570 379 4648 gruunt
428 4569 548 4627 aut
597 4565 975 4646 divergunt
1024 4565 1305 4630 codices
1353 4565 1422 4628 M
1471 4573 1540 4628 et
1587 4565 1630 4629 S
1681 4570 1804 4627 aut
1850 4565 2033 4628 inter
2079 4583 2154 4627 se
2203 4566 2326 4626 aut
2373 4580 2533 4625 cum
2582 4562 2888 4625 lectione

108 4675 449 4753 vulgata:
514 4689 626 4734 res
689 4673 875 4735 enim
939 4672 1527 4753 orthographicas
1587 4672 1658 4734 in
1720 4671 1979 4734 talibus
2027 4669 2406 4749 codicibuS‚
2459 4668 2721 4749 quippe
2771 4666 2888 4748 qui

104 4783 239 4844 sub
305 4780 518 4842 finem
581 4778 848 4842 saeculi
911 4778 1043 4841 XV
1110 4778 1243 4840 orti
1306 4778 1462 4858 sint,
1527 4777 1793 4839 minimi
1856 4777 2190 4840 momenti
2253 4794 2405 4838 esse
2468 4775 2611 4836 iam
2673 4790 2890 4854 supra

106 4885 548 4965 monuimus3
598 4887 835 4948 tamen
884 4884 1020 4949 hoc
1070 4885 1369 4947 fortasse
1430 4901 1983 4947 commemorare
2049 4884 2316 4964 licebit,
2374 4882 2687 4946 minutiis
2746 4881 2890 4963 qui-
