<?xml version="1.0" encoding="UTF-8"?>
<!DOCTYPE html PUBLIC "-//W3C//DTD XHTML 1.0 Transitional//EN"
    "http://www.w3.org/TR/xhtml1/DTD/xhtml1-transitional.dtd">
<html xmlns="http://www.w3.org/1999/xhtml" xml:lang="en" lang="en">
 <head>
  <title>
</title>
<meta http-equiv="Content-Type" content="text/html;charset=utf-8" />
  <meta name='ocr-system' content='tesseract 3.04.00' />
  <meta name='ocr-capabilities' content='ocr_page ocr_carea ocr_par ocr_line ocrx_word'/>
</head>
<body>
  <div class='ocr_page' id='page_1' title='image "./detacitigermani00tacigoog_0145.png"; bbox 0 0 3509 5600; ppageno 0'>
   <div class='ocr_carea' id='block_1_1' title="bbox 1245 393 1729 453">
    <p class='ocr_par' dir='ltr' id='par_1_1' title="bbox 1245 393 1729 453">
     <span class='ocr_line' id='line_1_1' title="bbox 1245 393 1729 453; baseline 0 0"><span class='ocrx_word' id='word_1_1' title='bbox 1245 393 1729 453; x_wconf 93' lang='lat'>—111—</span> 
     </span>
    </p>
   </div>
   <div class='ocr_carea' id='block_1_2' title="bbox 97 584 2872 1183">
    <p class='ocr_par' dir='ltr' id='par_1_2' title="bbox 97 584 2872 1183">
     <span class='ocr_line' id='line_1_2' title="bbox 279 584 2871 666; baseline -0.001 -18"><span class='ocrx_word' id='word_1_2' title='bbox 279 586 576 649; x_wconf 75' lang='lat' dir='ltr'>Restant</span> <span class='ocrx_word' id='word_1_3' title='bbox 623 598 894 665; x_wconf 81' lang='lat' dir='ltr'>septem</span> <span class='ocrx_word' id='word_1_4' title='bbox 942 584 1099 664; x_wconf 84' lang='lat' dir='ltr'>loci,</span> <span class='ocrx_word' id='word_1_5' title='bbox 1149 586 1401 666; x_wconf 89' lang='lat' dir='ltr'>quibus</span> <span class='ocrx_word' id='word_1_6' title='bbox 1448 585 1515 647; x_wconf 90' lang='lat' dir='ltr'>M</span> <span class='ocrx_word' id='word_1_7' title='bbox 1565 589 1635 648; x_wconf 91' lang='lat' dir='ltr'>et</span> <span class='ocrx_word' id='word_1_8' title='bbox 1682 585 1727 648; x_wconf 99' lang='lat' dir='ltr'>S</span> <span class='ocrx_word' id='word_1_9' title='bbox 1777 604 1852 648; x_wconf 90' lang='lat' dir='ltr'>re</span> <span class='ocrx_word' id='word_1_10' title='bbox 1902 603 2078 648; x_wconf 89' lang='lat' dir='ltr'>vera</span> <span class='ocrx_word' id='word_1_11' title='bbox 2124 585 2571 649; x_wconf 86' lang='lat' dir='ltr'>consentiunt</span> <span class='ocrx_word' id='word_1_12' title='bbox 2619 587 2871 647; x_wconf 87' lang='lat' dir='ltr'>contra</span> 
     </span>
     <span class='ocr_line' id='line_1_3' title="bbox 98 689 2871 773; baseline -0.001 -18"><span class='ocrx_word' id='word_1_13' title='bbox 98 692 478 757; x_wconf 90' lang='lat' dir='ltr'>lectionem</span> <span class='ocrx_word' id='word_1_14' title='bbox 511 692 879 771; x_wconf 82' lang='lat' dir='ltr'>vulgatam</span> <span class='ocrx_word' id='word_1_15' title='bbox 923 692 1041 771; x_wconf 83' lang='lat' dir='ltr'>ita,</span> <span class='ocrx_word' id='word_1_16' title='bbox 1088 697 1162 754; x_wconf 91' lang='lat' dir='ltr'>ut</span> <span class='ocrx_word' id='word_1_17' title='bbox 1204 692 1427 773; x_wconf 88' lang='lat' dir='ltr'>primo</span> <span class='ocrx_word' id='word_1_18' title='bbox 1472 700 1765 772; x_wconf 85' lang='lat' dir='ltr'>aspectu</span> <span class='ocrx_word' id='word_1_19' title='bbox 1809 692 2106 771; x_wconf 87' lang='lat' dir='ltr'>cogitari</span> <span class='ocrx_word' id='word_1_20' title='bbox 2147 692 2364 772; x_wconf 83' lang='lat' dir='ltr'><strong>possit</strong></span> <span class='ocrx_word' id='word_1_21' title='bbox 2398 690 2483 754; x_wconf 91' lang='lat' dir='ltr'>de</span> <span class='ocrx_word' id='word_1_22' title='bbox 2518 689 2871 754; x_wconf 88' lang='lat' dir='ltr'>communi</span> 
     </span>
     <span class='ocr_line' id='line_1_4' title="bbox 98 797 2872 882; baseline -0.001 -19"><span class='ocrx_word' id='word_1_23' title='bbox 98 801 409 882; x_wconf 88' lang='lat' dir='ltr'>quodam</span> <span class='ocrx_word' id='word_1_24' title='bbox 459 800 882 879; x_wconf 85' lang='lat' dir='ltr'>archetypo:</span> <span class='ocrx_word' id='word_1_25' title='bbox 935 798 1059 861; x_wconf 92' lang='lat' dir='ltr'>sed</span> <span class='ocrx_word' id='word_1_26' title='bbox 1108 798 1242 861; x_wconf 87' lang='lat' dir='ltr'>hae</span> <span class='ocrx_word' id='word_1_27' title='bbox 1293 815 1570 879; x_wconf 88' lang='lat' dir='ltr'>quoque</span> <span class='ocrx_word' id='word_1_28' title='bbox 1620 798 1958 862; x_wconf 90' lang='lat' dir='ltr'>lectiones</span> <span class='ocrx_word' id='word_1_29' title='bbox 2015 806 2138 862; x_wconf 88' lang='lat' dir='ltr'>aut</span> <span class='ocrx_word' id='word_1_30' title='bbox 2194 798 2479 861; x_wconf 86' lang='lat' dir='ltr'>minoris</span> <span class='ocrx_word' id='word_1_31' title='bbox 2535 797 2872 861; x_wconf 84' lang='lat' dir='ltr'>momenti</span> 
     </span>
     <span class='ocr_line' id='line_1_5' title="bbox 98 906 2872 987; baseline -0 -17"><span class='ocrx_word' id='word_1_32' title='bbox 98 912 266 970; x_wconf 84' lang='lat' dir='ltr'>sunt</span> <span class='ocrx_word' id='word_1_33' title='bbox 326 910 448 968; x_wconf 86' lang='lat' dir='ltr'>aut</span> <span class='ocrx_word' id='word_1_34' title='bbox 518 907 733 969; x_wconf 91' lang='lat' dir='ltr'>etiam</span> <span class='ocrx_word' id='word_1_35' title='bbox 803 907 874 969; x_wconf 92' lang='lat' dir='ltr'>in</span> <span class='ocrx_word' id='word_1_36' title='bbox 947 907 1234 987; x_wconf 88' lang='lat' dir='ltr'>reliquis</span> <span class='ocrx_word' id='word_1_37' title='bbox 1305 906 1669 970; x_wconf 80' lang='lat' dir='ltr'>codicibus</span> <span class='ocrx_word' id='word_1_38' title='bbox 1740 906 2203 969; x_wconf 87' lang='lat' dir='ltr'>deterioribus</span> <span class='ocrx_word' id='word_1_39' title='bbox 2272 907 2622 985; x_wconf 87' lang='lat' dir='ltr'>leguntur,</span> <span class='ocrx_word' id='word_1_40' title='bbox 2696 923 2872 987; x_wconf 88' lang='lat' dir='ltr'>quos</span> 
     </span>
     <span class='ocr_line' id='line_1_6' title="bbox 98 1011 2870 1094; baseline 0 -20"><span class='ocrx_word' id='word_1_41' title='bbox 98 1031 345 1076; x_wconf 91' lang='lat' dir='ltr'>omnes</span> <span class='ocrx_word' id='word_1_42' title='bbox 394 1030 485 1075; x_wconf 83' lang='lat' dir='ltr'>ex</span> <span class='ocrx_word' id='word_1_43' title='bbox 536 1030 670 1075; x_wconf 91' lang='lat' dir='ltr'>uno</span> <span class='ocrx_word' id='word_1_44' title='bbox 720 1012 1108 1094; x_wconf 88' lang='lat' dir='ltr'>eodemque</span> <span class='ocrx_word' id='word_1_45' title='bbox 1159 1012 1549 1093; x_wconf 80' lang='lat' dir='ltr'>archetypo</span> <span class='ocrx_word' id='word_1_46' title='bbox 1599 1012 1957 1076; x_wconf 87' lang='lat' dir='ltr'>derivatos</span> <span class='ocrx_word' id='word_1_47' title='bbox 2015 1031 2166 1076; x_wconf 90' lang='lat' dir='ltr'>esse</span> <span class='ocrx_word' id='word_1_48' title='bbox 2214 1031 2419 1075; x_wconf 91' lang='lat' dir='ltr'>nemo</span> <span class='ocrx_word' id='word_1_49' title='bbox 2470 1011 2870 1076; x_wconf 79' lang='lat' dir='ltr'>contendet.</span> 
     </span>
     <span class='ocr_line' id='line_1_7' title="bbox 97 1118 1165 1183; baseline -0.002 0"><span class='ocrx_word' id='word_1_50' title='bbox 97 1119 277 1183; x_wconf 85' lang='lat' dir='ltr'>Sunt</span> <span class='ocrx_word' id='word_1_51' title='bbox 326 1123 561 1182; x_wconf 90' lang='lat' dir='ltr'>autem</span> <span class='ocrx_word' id='word_1_52' title='bbox 613 1118 751 1182; x_wconf 88' lang='lat' dir='ltr'>hae</span> <span class='ocrx_word' id='word_1_53' title='bbox 800 1119 1165 1182; x_wconf 90' lang='lat' dir='ltr'>lectiones:</span> 
     </span>
    </p>
   </div>
   <div class='ocr_carea' id='block_1_3' title="bbox 96 1242 2874 1538">
    <p class='ocr_par' dir='ltr' id='par_1_3' title="bbox 96 1242 2874 1538">
     <span class='ocr_line' id='line_1_8' title="bbox 282 1242 2874 1329; baseline -0.002 -21"><span class='ocrx_word' id='word_1_54' title='bbox 282 1243 497 1309; x_wconf 89' lang='lat' dir='ltr'>v115</span> <span class='ocrx_word' id='word_1_55' title='bbox 578 1242 923 1329; x_wconf 87' lang='lat' dir='ltr'>vincire]</span> <span class='ocrx_word' id='word_1_56' title='bbox 1002 1244 1307 1307; x_wconf 77' lang='lat' dir='ltr'>vincere</span> <span class='ocrx_word' id='word_1_57' title='bbox 1387 1243 1522 1307; x_wconf 90' lang='lat' dir='ltr'>MS.</span> <span class='ocrx_word' id='word_1_58' title='bbox 1633 1242 1807 1308; x_wconf 85' lang='lat' dir='ltr'>Cum</span> <span class='ocrx_word' id='word_1_59' title='bbox 1882 1243 1997 1307; x_wconf 86' lang='lat' dir='ltr'>MS</span> <span class='ocrx_word' id='word_1_60' title='bbox 2063 1243 2333 1306; x_wconf 88' lang='lat' dir='ltr'>faciunt</span> <span class='ocrx_word' id='word_1_61' title='bbox 2398 1242 2681 1307; x_wconf 91' lang='lat' dir='ltr'>codices</span> <span class='ocrx_word' id='word_1_62' title='bbox 2746 1242 2874 1305; x_wconf 91' lang='lat' dir='ltr'>Ro-</span> 
     </span>
     <span class='ocr_line' id='line_1_9' title="bbox 96 1349 2873 1432; baseline -0.001 -19"><span class='ocrx_word' id='word_1_63' title='bbox 96 1369 355 1414; x_wconf 87' lang='lat' dir='ltr'>manus</span> <span class='ocrx_word' id='word_1_64' title='bbox 434 1350 850 1432; x_wconf 84' lang='lat' dir='ltr'>(Angelicae</span> <span class='ocrx_word' id='word_1_65' title='bbox 921 1350 1428 1431; x_wconf 86' lang='lat' dir='ltr'>Bibliothecae)</span> <span class='ocrx_word' id='word_1_66' title='bbox 1500 1356 1570 1414; x_wconf 90' lang='lat' dir='ltr'>et</span> <span class='ocrx_word' id='word_1_67' title='bbox 1640 1349 1952 1414; x_wconf 88' lang='lat' dir='ltr'>Venetus</span> <span class='ocrx_word' id='word_1_68' title='bbox 2029 1350 2415 1414; x_wconf 88' lang='lat' dir='ltr'>secundum</span> <span class='ocrx_word' id='word_1_69' title='bbox 2493 1349 2873 1412; x_wconf 85' lang='lat' dir='ltr'>editionem</span> 
     </span>
     <span class='ocr_line' id='line_1_10' title="bbox 100 1456 1345 1538; baseline -0.002 -17"><span class='ocrx_word' id='word_1_70' title='bbox 100 1458 753 1521; x_wconf 88' lang='lat' dir='ltr'>Massmannianam</span> <span class='ocrx_word' id='word_1_71' title='bbox 803 1475 869 1538; x_wconf 91' lang='lat' dir='ltr'>p.</span> <span class='ocrx_word' id='word_1_72' title='bbox 922 1463 1025 1523; x_wconf 82' lang='lat'>57.</span> <span class='ocrx_word' id='word_1_73' title='bbox 1338 1456 1345 1462; x_wconf 79' lang='grc'><strong><em>’</em></strong></span> 
     </span>
    </p>
   </div>
   <div class='ocr_carea' id='block_1_4' title="bbox 97 1573 2877 1860">
    <p class='ocr_par' dir='ltr' id='par_1_4' title="bbox 97 1573 2877 1860">
     <span class='ocr_line' id='line_1_11' title="bbox 282 1573 2876 1666; baseline -0.003 -17"><span class='ocrx_word' id='word_1_74' title='bbox 282 1573 507 1649; x_wconf 91' lang='lat' dir='ltr'>XXV</span> <span class='ocrx_word' id='word_1_75' title='bbox 530 1589 601 1648; x_wconf 89' lang='lat' dir='ltr'>ll</span> <span class='ocrx_word' id='word_1_76' title='bbox 658 1583 782 1666; x_wconf 89' lang='lat' dir='ltr'>iis]</span> <span class='ocrx_word' id='word_1_77' title='bbox 832 1582 992 1665; x_wconf 75' lang='lat' dir='ltr'>hijs</span> <span class='ocrx_word' id='word_1_78' title='bbox 1047 1581 1184 1646; x_wconf 87' lang='lat' dir='ltr'>MS.</span> <span class='ocrx_word' id='word_1_79' title='bbox 1295 1583 1398 1645; x_wconf 74' lang='lat' dir='ltr'>his</span> <span class='ocrx_word' id='word_1_80' title='bbox 1470 1583 1778 1663; x_wconf 86' lang='lat' dir='ltr'>quinque</span> <span class='ocrx_word' id='word_1_81' title='bbox 1848 1586 2132 1663; x_wconf 87' lang='lat' dir='ltr'>praeter</span> <span class='ocrx_word' id='word_1_82' title='bbox 2197 1586 2469 1644; x_wconf 87' lang='lat' dir='ltr'>nostros</span> <span class='ocrx_word' id='word_1_83' title='bbox 2535 1579 2876 1642; x_wconf 81' lang='lat' dir='ltr'>exhibent</span> 
     </span>
     <span class='ocr_line' id='line_1_12' title="bbox 97 1687 2877 1770; baseline -0.002 -17"><span class='ocrx_word' id='word_1_84' title='bbox 97 1690 388 1754; x_wconf 88' lang='lat' dir='ltr'>codices</span> <span class='ocrx_word' id='word_1_85' title='bbox 448 1690 583 1752; x_wconf 84' lang='lat' dir='ltr'>hoc</span> <span class='ocrx_word' id='word_1_86' title='bbox 644 1689 799 1753; x_wconf 91' lang='lat' dir='ltr'>loco</span> <span class='ocrx_word' id='word_1_87' title='bbox 864 1689 978 1769; x_wconf 86' lang='lat' dir='ltr'>(cf.</span> <span class='ocrx_word' id='word_1_88' title='bbox 1029 1689 1430 1751; x_wconf 85' lang='lat' dir='ltr'>Massmann</span> <span class='ocrx_word' id='word_1_89' title='bbox 1492 1707 1558 1770; x_wconf 91' lang='lat' dir='ltr'>p.</span> <span class='ocrx_word' id='word_1_90' title='bbox 1610 1694 1740 1770; x_wconf 85' lang='lat'>89),</span> <span class='ocrx_word' id='word_1_91' title='bbox 1803 1694 1876 1751; x_wconf 91' lang='lat' dir='ltr'>ut</span> <span class='ocrx_word' id='word_1_92' title='bbox 1932 1688 2335 1769; x_wconf 83' lang='lat' dir='ltr'>corruptela</span> <span class='ocrx_word' id='word_1_93' title='bbox 2394 1692 2500 1750; x_wconf 91' lang='lat' dir='ltr'>est</span> <span class='ocrx_word' id='word_1_94' title='bbox 2546 1687 2877 1767; x_wconf 87' lang='lat' dir='ltr'>frequen-</span> 
     </span>
     <span class='ocr_line' id='line_1_13' title="bbox 102 1797 396 1860; baseline 0 -1"><span class='ocrx_word' id='word_1_95' title='bbox 102 1797 396 1860; x_wconf 84' lang='lat' dir='ltr'>tissima.</span> 
     </span>
    </p>
   </div>
   <div class='ocr_carea' id='block_1_5' title="bbox 102 1917 2876 2109">
    <p class='ocr_par' dir='ltr' id='par_1_5' title="bbox 102 1917 2876 2109">
     <span class='ocr_line' id='line_1_14' title="bbox 279 1917 2876 2007; baseline -0.004 -19"><span class='ocrx_word' id='word_1_96' title='bbox 279 1922 722 1989; x_wconf 76' lang='lat' dir='ltr'>xxvmlo</span> <span class='ocrx_word' id='word_1_97' title='bbox 802 1922 1461 2006; x_wconf 89' lang='lat' dir='ltr'>affectationem]</span> <span class='ocrx_word' id='word_1_98' title='bbox 1539 1922 2060 2007; x_wconf 69' lang='lat' dir='ltr'>affectionem</span> <span class='ocrx_word' id='word_1_99' title='bbox 2146 1919 2282 1984; x_wconf 81' lang='lat' dir='ltr'>MS.</span> <span class='ocrx_word' id='word_1_100' title='bbox 2402 1919 2463 1980; x_wconf 94' lang='lat' dir='ltr'>A</span> <span class='ocrx_word' id='word_1_101' title='bbox 2550 1917 2876 1981; x_wconf 90' lang='lat' dir='ltr'>codicum</span> 
     </span>
     <span class='ocr_line' id='line_1_15' title="bbox 102 2028 1929 2109; baseline -0.001 -16"><span class='ocrx_word' id='word_1_102' title='bbox 102 2034 507 2092; x_wconf 89' lang='lat' dir='ltr'>nostrorum</span> <span class='ocrx_word' id='word_1_103' title='bbox 555 2041 760 2109; x_wconf 86' lang='lat' dir='ltr'>parte</span> <span class='ocrx_word' id='word_1_104' title='bbox 808 2028 1163 2092; x_wconf 87' lang='lat' dir='ltr'>Romanus</span> <span class='ocrx_word' id='word_1_105' title='bbox 1213 2046 1491 2109; x_wconf 87' lang='lat' dir='ltr'>quoque</span> <span class='ocrx_word' id='word_1_106' title='bbox 1541 2033 1683 2091; x_wconf 86' lang='lat' dir='ltr'>stat</span> <span class='ocrx_word' id='word_1_107' title='bbox 1729 2034 1801 2092; x_wconf 91' lang='lat' dir='ltr'>et</span> <span class='ocrx_word' id='word_1_108' title='bbox 1847 2029 1929 2091; x_wconf 90' lang='lat' dir='ltr'>H.</span> 
     </span>
    </p>
   </div>
   <div class='ocr_carea' id='block_1_6' title="bbox 98 2147 2878 2447">
    <p class='ocr_par' dir='ltr' id='par_1_6' title="bbox 98 2147 2878 2447">
     <span class='ocr_line' id='line_1_16' title="bbox 280 2147 2878 2237; baseline -0.005 -17"><span class='ocrx_word' id='word_1_109' title='bbox 280 2153 683 2221; x_wconf 87' lang='lat' dir='ltr'>XXX1v2</span> <span class='ocrx_word' id='word_1_110' title='bbox 748 2152 1182 2237; x_wconf 87' lang='lat' dir='ltr'>thasuarii]</span> <span class='ocrx_word' id='word_1_111' title='bbox 1248 2153 1670 2235; x_wconf 76' lang='lat' dir='ltr'>chasaarij</span> <span class='ocrx_word' id='word_1_112' title='bbox 1732 2152 1869 2216; x_wconf 86' lang='lat' dir='ltr'>MS.</span> <span class='ocrx_word' id='word_1_113' title='bbox 1959 2173 1991 2215; x_wconf 89' lang='lat' dir='ltr'>c</span> <span class='ocrx_word' id='word_1_114' title='bbox 2033 2158 2103 2214; x_wconf 91' lang='lat' dir='ltr'>et</span> <span class='ocrx_word' id='word_1_115' title='bbox 2145 2159 2169 2214; x_wconf 79' lang='lat' dir='ltr'>t</span> <span class='ocrx_word' id='word_1_116' title='bbox 2211 2150 2545 2214; x_wconf 89' lang='lat' dir='ltr'>facillime</span> <span class='ocrx_word' id='word_1_117' title='bbox 2590 2147 2878 2210; x_wconf 88' lang='lat' dir='ltr'>confun-</span> 
     </span>
     <span class='ocr_line' id='line_1_17' title="bbox 98 2256 2876 2340; baseline -0.001 -17"><span class='ocrx_word' id='word_1_118' title='bbox 98 2262 387 2340; x_wconf 86' lang='lat' dir='ltr'>duntur,</span> <span class='ocrx_word' id='word_1_119' title='bbox 439 2260 621 2323; x_wconf 90' lang='lat' dir='ltr'>unde</span> <span class='ocrx_word' id='word_1_120' title='bbox 671 2260 1016 2323; x_wconf 72' lang='lat' dir='ltr'>Chasuarii</span> <span class='ocrx_word' id='word_1_121' title='bbox 1064 2260 1461 2323; x_wconf 86' lang='lat' dir='ltr'>invenimus</span> <span class='ocrx_word' id='word_1_122' title='bbox 1504 2260 1715 2322; x_wconf 87' lang='lat' dir='ltr'>etiam</span> <span class='ocrx_word' id='word_1_123' title='bbox 1760 2259 1830 2321; x_wconf 92' lang='lat' dir='ltr'>in</span> <span class='ocrx_word' id='word_1_124' title='bbox 1880 2258 2239 2322; x_wconf 87' lang='lat' dir='ltr'>codicibus</span> <span class='ocrx_word' id='word_1_125' title='bbox 2280 2256 2629 2319; x_wconf 89' lang='lat' dir='ltr'>Vaticano</span> <span class='ocrx_word' id='word_1_126' title='bbox 2680 2259 2876 2334; x_wconf 84' lang='lat'>4498,</span> 
     </span>
     <span class='ocr_line' id='line_1_18' title="bbox 102 2365 1604 2447; baseline -0.003 -16"><span class='ocrx_word' id='word_1_127' title='bbox 102 2368 455 2431; x_wconf 88' lang='lat' dir='ltr'>Urbinate</span> <span class='ocrx_word' id='word_1_128' title='bbox 508 2372 656 2446; x_wconf 84' lang='lat'><strong>655,</strong></span> <span class='ocrx_word' id='word_1_129' title='bbox 706 2366 1041 2447; x_wconf 83' lang='lat' dir='ltr'>RomanO,</span> <span class='ocrx_word' id='word_1_130' title='bbox 1091 2365 1604 2428; x_wconf 88' lang='lat' dir='ltr'>Hummeliano.</span> 
     </span>
    </p>
   </div>
   <div class='ocr_carea' id='block_1_7' title="bbox 281 2489 2474 2575">
    <p class='ocr_par' dir='ltr' id='par_1_7' title="bbox 281 2489 2474 2575">
     <span class='ocr_line' id='line_1_19' title="bbox 281 2489 2474 2575; baseline -0.003 -17"><span class='ocrx_word' id='word_1_131' title='bbox 281 2492 490 2558; x_wconf 87' lang='lat' dir='ltr'>XL4</span> <span class='ocrx_word' id='word_1_132' title='bbox 538 2491 836 2575; x_wconf 87' lang='lat' dir='ltr'>varini]</span> <span class='ocrx_word' id='word_1_133' title='bbox 885 2492 1137 2553; x_wconf 74' lang='lat' dir='ltr'>varmi</span> <span class='ocrx_word' id='word_1_134' title='bbox 1185 2490 1329 2571; x_wconf 81' lang='lat' dir='ltr'>MS,</span> <span class='ocrx_word' id='word_1_135' title='bbox 1381 2490 1790 2571; x_wconf 77' lang='lat' dir='ltr'>corruptela</span> <span class='ocrx_word' id='word_1_136' title='bbox 1837 2508 2046 2570; x_wconf 91' lang='lat' dir='ltr'>quam</span> <span class='ocrx_word' id='word_1_137' title='bbox 2097 2489 2474 2552; x_wconf 87' lang='lat' dir='ltr'>levissima.</span> 
     </span>
    </p>
   </div>
   <div class='ocr_carea' id='block_1_8' title="bbox 98 2612 2880 2806">
    <p class='ocr_par' dir='ltr' id='par_1_8' title="bbox 98 2612 2880 2806">
     <span class='ocr_line' id='line_1_20' title="bbox 281 2612 2880 2700; baseline -0.005 -17"><span class='ocrx_word' id='word_1_138' title='bbox 281 2617 531 2683; x_wconf 92' lang='lat' dir='ltr'>XLIII</span> <span class='ocrx_word' id='word_1_139' title='bbox 550 2620 647 2684; x_wconf 82' lang='lat'>23</span> <span class='ocrx_word' id='word_1_140' title='bbox 696 2616 1043 2699; x_wconf 88' lang='lat' dir='ltr'>feritati]</span> <span class='ocrx_word' id='word_1_141' title='bbox 1088 2616 1429 2700; x_wconf 76' lang='lat' dir='ltr'>feritate</span> <span class='ocrx_word' id='word_1_142' title='bbox 1475 2614 1610 2694; x_wconf 88' lang='lat' dir='ltr'>MS,</span> <span class='ocrx_word' id='word_1_143' title='bbox 1660 2614 2052 2677; x_wconf 89' lang='lat' dir='ltr'>ablativum</span> <span class='ocrx_word' id='word_1_144' title='bbox 2095 2630 2335 2676; x_wconf 86' lang='lat' dir='ltr'>casum</span> <span class='ocrx_word' id='word_1_145' title='bbox 2371 2612 2681 2674; x_wconf 87' lang='lat' dir='ltr'>Venetus</span> <span class='ocrx_word' id='word_1_146' title='bbox 2716 2626 2880 2689; x_wconf 90' lang='lat' dir='ltr'>quo-</span> 
     </span>
     <span class='ocr_line' id='line_1_21' title="bbox 98 2722 882 2806; baseline -0.005 -18"><span class='ocrx_word' id='word_1_147' title='bbox 98 2742 234 2806; x_wconf 90' lang='lat' dir='ltr'>que</span> <span class='ocrx_word' id='word_1_148' title='bbox 292 2722 521 2786; x_wconf 85' lang='lat' dir='ltr'>codex</span> <span class='ocrx_word' id='word_1_149' title='bbox 569 2722 882 2803; x_wconf 90' lang='lat' dir='ltr'>praebet.</span> 
     </span>
    </p>
   </div>
   <div class='ocr_carea' id='block_1_9' title="bbox 96 2808 2880 3142">
    <p class='ocr_par' dir='ltr' id='par_1_9' title="bbox 96 2808 2880 3142">
     <span class='ocr_line' id='line_1_22' title="bbox 282 2808 2880 2933; baseline -0.003 -20"><span class='ocrx_word' id='word_1_150' title='bbox 282 2848 563 2915; x_wconf 88' lang='lat' dir='ltr'>XLV5</span> <span class='ocrx_word' id='word_1_151' title='bbox 613 2848 970 2933; x_wconf 89' lang='lat' dir='ltr'>deorum]</span> <span class='ocrx_word' id='word_1_152' title='bbox 1021 2870 1282 2912; x_wconf 79' lang='lat' dir='ltr'>eoram</span> <span class='ocrx_word' id='word_1_153' title='bbox 1327 2849 1477 2913; x_wconf 88' lang='lat' dir='ltr'>MS:</span> <span class='ocrx_word' id='word_1_154' title='bbox 1524 2849 1704 2912; x_wconf 88' lang='lat' dir='ltr'>haec</span> <span class='ocrx_word' id='word_1_155' title='bbox 1746 2849 1955 2913; x_wconf 89' lang='lat' dir='ltr'>lectio</span> <span class='ocrx_word' id='word_1_156' title='bbox 1997 2852 2373 2927; x_wconf 85' lang='lat' dir='ltr'>praeterea</span> <span class='ocrx_word' id='word_1_157' title='bbox 2413 2846 2481 2906; x_wconf 88' lang='lat' dir='ltr'>in</span> <span class='ocrx_word' id='word_1_158' title='bbox 2518 2808 2880 2908; x_wconf 90' lang='lat' dir='ltr'>codicibus</span> 
     </span>
     <span class='ocr_line' id='line_1_23' title="bbox 96 2954 1642 3036; baseline -0.002 -16"><span class='ocrx_word' id='word_1_159' title='bbox 96 2956 474 3033; x_wconf 81' lang='lat' dir='ltr'>Urbinate‚</span> <span class='ocrx_word' id='word_1_160' title='bbox 525 2954 860 3035; x_wconf 84' lang='lat' dir='ltr'>RomanO,</span> <span class='ocrx_word' id='word_1_161' title='bbox 911 2954 1316 3019; x_wconf 88' lang='lat' dir='ltr'>Florentino</span> <span class='ocrx_word' id='word_1_162' title='bbox 1368 2956 1642 3036; x_wconf 86' lang='lat' dir='ltr'>legitur.</span> 
     </span>
     <span class='ocr_line' id='line_1_24' title="bbox 279 3057 2878 3142; baseline -0.002 -18"><span class='ocrx_word' id='word_1_163' title='bbox 279 3061 624 3142; x_wconf 87' lang='lat' dir='ltr'>Reliquae</span> <span class='ocrx_word' id='word_1_164' title='bbox 658 3062 798 3124; x_wconf 88' lang='lat' dir='ltr'>iam</span> <span class='ocrx_word' id='word_1_165' title='bbox 832 3065 993 3124; x_wconf 88' lang='lat' dir='ltr'>sunt</span> <span class='ocrx_word' id='word_1_166' title='bbox 1027 3080 1065 3124; x_wconf 90' lang='lat' dir='ltr'>e</span> <span class='ocrx_word' id='word_1_167' title='bbox 1100 3066 1296 3123; x_wconf 88' lang='lat' dir='ltr'>tanto</span> <span class='ocrx_word' id='word_1_168' title='bbox 1341 3062 1718 3125; x_wconf 89' lang='lat' dir='ltr'>lectionum</span> <span class='ocrx_word' id='word_1_169' title='bbox 1764 3059 2299 3140; x_wconf 86' lang='lat' dir='ltr'>congruentium</span> <span class='ocrx_word' id='word_1_170' title='bbox 2339 3076 2629 3121; x_wconf 90' lang='lat' dir='ltr'>numero</span> <span class='ocrx_word' id='word_1_171' title='bbox 2674 3057 2878 3136; x_wconf 83' lang='lat' dir='ltr'>duae,</span> 
     </span>
    </p>
   </div>
   <div class='ocr_carea' id='block_1_10' title="bbox 96 3165 3005 3250">
    <p class='ocr_par' dir='ltr' id='par_1_10' title="bbox 96 3165 3005 3250">
     <span class='ocr_line' id='line_1_25' title="bbox 96 3165 3005 3250; baseline -0.003 -17"><span class='ocrx_word' id='word_1_172' title='bbox 96 3171 361 3250; x_wconf 90' lang='lat' dir='ltr'>quibus</span> <span class='ocrx_word' id='word_1_173' title='bbox 409 3185 485 3230; x_wconf 90' lang='lat' dir='ltr'>re</span> <span class='ocrx_word' id='word_1_174' title='bbox 536 3186 711 3231; x_wconf 89' lang='lat' dir='ltr'>vera</span> <span class='ocrx_word' id='word_1_175' title='bbox 758 3167 825 3229; x_wconf 92' lang='lat' dir='ltr'>M</span> <span class='ocrx_word' id='word_1_176' title='bbox 875 3175 946 3230; x_wconf 91' lang='lat' dir='ltr'>et</span> <span class='ocrx_word' id='word_1_177' title='bbox 992 3166 1036 3231; x_wconf 86' lang='lat' dir='ltr'>S</span> <span class='ocrx_word' id='word_1_178' title='bbox 1095 3167 1452 3231; x_wconf 88' lang='lat' dir='ltr'>coniuncti</span> <span class='ocrx_word' id='word_1_179' title='bbox 1500 3172 1691 3230; x_wconf 87' lang='lat' dir='ltr'>stant</span> <span class='ocrx_word' id='word_1_180' title='bbox 1746 3171 1997 3230; x_wconf 88' lang='lat' dir='ltr'>contra</span> <span class='ocrx_word' id='word_1_181' title='bbox 2051 3166 2424 3230; x_wconf 86' lang='lat' dir='ltr'>lectionem</span> <span class='ocrx_word' id='word_1_182' title='bbox 2476 3165 2879 3244; x_wconf 83' lang='lat' dir='ltr'>vulgatam:</span> <span class='ocrx_word' id='word_1_183' title='bbox 3002 3197 3005 3200; x_wconf 16' lang='grc' dir='ltr'><strong>Δ</strong></span> 
     </span>
    </p>
   </div>
   <div class='ocr_carea' id='block_1_11' title="bbox 589 3274 2226 3460">
    <p class='ocr_par' dir='ltr' id='par_1_11' title="bbox 589 3274 2226 3460">
     <span class='ocr_line' id='line_1_26' title="bbox 668 3274 2226 3338; baseline -0.003 0"><span class='ocrx_word' id='word_1_184' title='bbox 668 3274 871 3337; x_wconf 88' lang='lat' dir='ltr'>XXV</span> <span class='ocrx_word' id='word_1_185' title='bbox 920 3282 954 3338; x_wconf 92' lang='lat'>6</span> <span class='ocrx_word' id='word_1_186' title='bbox 1050 3279 1152 3338; x_wconf 87' lang='lat' dir='ltr'>MS</span> <span class='ocrx_word' id='word_1_187' title='bbox 1200 3285 1251 3337; x_wconf 79' lang='lat' dir='ltr'>et</span> <span class='ocrx_word' id='word_1_188' title='bbox 1298 3279 1460 3337; x_wconf 72' lang='lat' dir='ltr'>liberi</span> <span class='ocrx_word' id='word_1_189' title='bbox 1795 3279 1896 3336; x_wconf 90' lang='lat' dir='ltr'>Lv.</span> <span class='ocrx_word' id='word_1_190' title='bbox 1952 3297 2018 3335; x_wconf 75' lang='lat' dir='ltr'>aa</span> <span class='ocrx_word' id='word_1_191' title='bbox 2063 3277 2226 3334; x_wconf 74' lang='lat' dir='ltr'>liberi</span> 
     </span>
     <span class='ocr_line' id='line_1_27' title="bbox 589 3381 2128 3460; baseline -0.002 -16"><span class='ocrx_word' id='word_1_192' title='bbox 589 3381 861 3444; x_wconf 88' lang='lat' dir='ltr'>XXXV</span> <span class='ocrx_word' id='word_1_193' title='bbox 879 3388 906 3443; x_wconf 86' lang='lat'>1</span> <span class='ocrx_word' id='word_1_194' title='bbox 921 3388 957 3444; x_wconf 89' lang='lat'><strong>3</strong></span> <span class='ocrx_word' id='word_1_195' title='bbox 1198 3391 1383 3460; x_wconf 73' lang='lat' dir='ltr'>ayant</span> <span class='ocrx_word' id='word_1_196' title='bbox 1952 3389 2128 3458; x_wconf 73' lang='lat' dir='ltr'>ayant</span> 
     </span>
    </p>
   </div>
   <div class='ocr_carea' id='block_1_12' title="bbox 98 3500 2890 4982">
    <p class='ocr_par' dir='ltr' id='par_1_12' title="bbox 98 3500 2890 4982">
     <span class='ocr_line' id='line_1_28' title="bbox 288 3500 2882 3587; baseline -0.003 -18"><span class='ocrx_word' id='word_1_197' title='bbox 288 3506 492 3587; x_wconf 74' lang='lat' dir='ltr'>Quae</span> <span class='ocrx_word' id='word_1_198' title='bbox 526 3508 865 3571; x_wconf 90' lang='lat' dir='ltr'>lectiones</span> <span class='ocrx_word' id='word_1_199' title='bbox 909 3514 1031 3569; x_wconf 90' lang='lat' dir='ltr'>aut</span> <span class='ocrx_word' id='word_1_200' title='bbox 1073 3524 1241 3569; x_wconf 88' lang='lat' dir='ltr'>casu</span> <span class='ocrx_word' id='word_1_201' title='bbox 1289 3506 1736 3570; x_wconf 87' lang='lat' dir='ltr'>consentiunt</span> <span class='ocrx_word' id='word_1_202' title='bbox 1770 3510 1891 3568; x_wconf 91' lang='lat' dir='ltr'>aut</span> <span class='ocrx_word' id='word_1_203' title='bbox 1923 3524 2013 3568; x_wconf 88' lang='lat' dir='ltr'>ex</span> <span class='ocrx_word' id='word_1_204' title='bbox 2047 3523 2184 3567; x_wconf 91' lang='lat' dir='ltr'>uno</span> <span class='ocrx_word' id='word_1_205' title='bbox 2219 3504 2605 3583; x_wconf 90' lang='lat' dir='ltr'>eodemque</span> <span class='ocrx_word' id='word_1_206' title='bbox 2639 3500 2882 3564; x_wconf 89' lang='lat' dir='ltr'>arche-</span> 
     </span>
     <span class='ocr_line' id='line_1_29' title="bbox 101 3610 2883 3697; baseline -0.004 -19"><span class='ocrx_word' id='word_1_207' title='bbox 101 3627 276 3697; x_wconf 77' lang='lat' dir='ltr'>typo</span> <span class='ocrx_word' id='word_1_208' title='bbox 331 3613 678 3677; x_wconf 85' lang='lat' dir='ltr'>deductae</span> <span class='ocrx_word' id='word_1_209' title='bbox 740 3619 934 3677; x_wconf 90' lang='lat' dir='ltr'>sunt:</span> <span class='ocrx_word' id='word_1_210' title='bbox 1000 3613 1185 3694; x_wconf 90' lang='lat' dir='ltr'>quod</span> <span class='ocrx_word' id='word_1_211' title='bbox 1249 3619 1395 3676; x_wconf 91' lang='lat' dir='ltr'>tum</span> <span class='ocrx_word' id='word_1_212' title='bbox 1460 3613 1735 3676; x_wconf 89' lang='lat' dir='ltr'>demum</span> <span class='ocrx_word' id='word_1_213' title='bbox 1802 3611 2189 3675; x_wconf 91' lang='lat' dir='ltr'>diiudicare</span> <span class='ocrx_word' id='word_1_214' title='bbox 2253 3610 2655 3691; x_wconf 80' lang='lat' dir='ltr'>poterimuS,</span> <span class='ocrx_word' id='word_1_215' title='bbox 2722 3625 2883 3671; x_wconf 88' lang='lat' dir='ltr'>cum</span> 
     </span>
     <span class='ocr_line' id='line_1_30' title="bbox 98 3715 2885 3807; baseline -0.004 -22"><span class='ocrx_word' id='word_1_216' title='bbox 98 3720 403 3785; x_wconf 86' lang='lat' dir='ltr'>Holderi</span> <span class='ocrx_word' id='word_1_217' title='bbox 461 3720 777 3784; x_wconf 90' lang='lat' dir='ltr'>codicem</span> <span class='ocrx_word' id='word_1_218' title='bbox 824 3748 861 3807; x_wconf 77' lang='lat' dir='ltr'><em>y</em></span> <span class='ocrx_word' id='word_1_219' title='bbox 907 3721 1196 3801; x_wconf 88' lang='lat' dir='ltr'>reliquis</span> <span class='ocrx_word' id='word_1_220' title='bbox 1254 3720 1672 3784; x_wconf 87' lang='lat' dir='ltr'>lectionibus</span> <span class='ocrx_word' id='word_1_221' title='bbox 1735 3718 2058 3782; x_wconf 90' lang='lat' dir='ltr'>codicum</span> <span class='ocrx_word' id='word_1_222' title='bbox 2105 3718 2175 3780; x_wconf 91' lang='lat' dir='ltr'>M</span> <span class='ocrx_word' id='word_1_223' title='bbox 2223 3722 2292 3780; x_wconf 93' lang='lat' dir='ltr'>et</span> <span class='ocrx_word' id='word_1_224' title='bbox 2339 3716 2385 3780; x_wconf 92' lang='lat' dir='ltr'>S</span> <span class='ocrx_word' id='word_1_225' title='bbox 2441 3715 2885 3779; x_wconf 88' lang='lat' dir='ltr'>consentien-</span> 
     </span>
     <span class='ocr_line' id='line_1_31' title="bbox 100 3821 2887 3908; baseline -0.003 -17"><span class='ocrx_word' id='word_1_226' title='bbox 100 3830 297 3893; x_wconf 89' lang='lat' dir='ltr'>tibus</span> <span class='ocrx_word' id='word_1_227' title='bbox 347 3827 1022 3908; x_wconf 85' lang='lat' dir='ltr'>amplificaverimus</span> <span class='ocrx_word' id='word_1_228' title='bbox 1070 3832 1139 3890; x_wconf 91' lang='lat' dir='ltr'>et</span> <span class='ocrx_word' id='word_1_229' title='bbox 1187 3827 1252 3888; x_wconf 91' lang='lat' dir='ltr'>in</span> <span class='ocrx_word' id='word_1_230' title='bbox 1306 3826 1496 3889; x_wconf 88' lang='lat' dir='ltr'>hunc</span> <span class='ocrx_word' id='word_1_231' title='bbox 1545 3843 1959 3889; x_wconf 89' lang='lat' dir='ltr'>consensum</span> <span class='ocrx_word' id='word_1_232' title='bbox 2020 3825 2606 3905; x_wconf 76' lang='lat' dir='ltr'>inquisiverimus</span> <span class='ocrx_word' id='word_1_233' title='bbox 2702 3821 2887 3884; x_wconf 90' lang='lat' dir='ltr'>Nam</span> 
     </span>
     <span class='ocr_line' id='line_1_32' title="bbox 99 3931 2886 4012; baseline -0.003 -13"><span class='ocrx_word' id='word_1_234' title='bbox 99 3936 300 3999; x_wconf 87' lang='lat' dir='ltr'>hanc</span> <span class='ocrx_word' id='word_1_235' title='bbox 364 3950 513 3996; x_wconf 86' lang='lat' dir='ltr'>rem</span> <span class='ocrx_word' id='word_1_236' title='bbox 572 3932 840 3995; x_wconf 91' lang='lat' dir='ltr'>Holder</span> <span class='ocrx_word' id='word_1_237' title='bbox 905 3932 994 3995; x_wconf 89' lang='lat' dir='ltr'>ad</span> <span class='ocrx_word' id='word_1_238' title='bbox 1059 3932 1465 3995; x_wconf 88' lang='lat' dir='ltr'>umbilicum</span> <span class='ocrx_word' id='word_1_239' title='bbox 1530 3950 1668 3994; x_wconf 92' lang='lat' dir='ltr'>non</span> <span class='ocrx_word' id='word_1_240' title='bbox 1732 3931 2061 3994; x_wconf 85' lang='lat' dir='ltr'>adduxit:</span> <span class='ocrx_word' id='word_1_241' title='bbox 2122 3950 2348 4012; x_wconf 91' lang='lat' dir='ltr'>neque</span> <span class='ocrx_word' id='word_1_242' title='bbox 2406 3931 2590 3994; x_wconf 91' lang='lat' dir='ltr'>enim</span> <span class='ocrx_word' id='word_1_243' title='bbox 2641 3946 2886 3992; x_wconf 91' lang='lat' dir='ltr'>omnes</span> 
     </span>
     <span class='ocr_line' id='line_1_33' title="bbox 100 4038 2889 4121; baseline -0.002 -18"><span class='ocrx_word' id='word_1_244' title='bbox 100 4041 454 4106; x_wconf 86' lang='lat' dir='ltr'>lectiones</span> <span class='ocrx_word' id='word_1_245' title='bbox 503 4039 821 4103; x_wconf 89' lang='lat' dir='ltr'>codicum</span> <span class='ocrx_word' id='word_1_246' title='bbox 872 4041 940 4103; x_wconf 95' lang='lat' dir='ltr'>M</span> <span class='ocrx_word' id='word_1_247' title='bbox 974 4045 1044 4103; x_wconf 92' lang='lat' dir='ltr'>et</span> <span class='ocrx_word' id='word_1_248' title='bbox 1085 4040 1129 4104; x_wconf 87' lang='lat' dir='ltr'>S</span> <span class='ocrx_word' id='word_1_249' title='bbox 1179 4040 1501 4121; x_wconf 88' lang='lat' dir='ltr'>proprias</span> <span class='ocrx_word' id='word_1_250' title='bbox 1551 4045 1621 4103; x_wconf 90' lang='lat' dir='ltr'>et</span> <span class='ocrx_word' id='word_1_251' title='bbox 1667 4040 1851 4102; x_wconf 88' lang='lat' dir='ltr'>inter</span> <span class='ocrx_word' id='word_1_252' title='bbox 1898 4058 1973 4102; x_wconf 89' lang='lat' dir='ltr'>se</span> <span class='ocrx_word' id='word_1_253' title='bbox 2023 4044 2490 4118; x_wconf 83' lang='lat' dir='ltr'>congruentes</span> <span class='ocrx_word' id='word_1_254' title='bbox 2538 4038 2665 4099; x_wconf 91' lang='lat' dir='ltr'>sub</span> <span class='ocrx_word' id='word_1_255' title='bbox 2717 4042 2889 4097; x_wconf 88' lang='lat' dir='ltr'>nota</span> 
     </span>
     <span class='ocr_line' id='line_1_34' title="bbox 98 4140 2883 4234; baseline -0.003 -22"><span class='ocrx_word' id='word_1_256' title='bbox 98 4176 130 4234; x_wconf 81' lang='lat' dir='ltr'><em>y</em></span> <span class='ocrx_word' id='word_1_257' title='bbox 177 4145 502 4223; x_wconf 88' lang='lat' dir='ltr'>collegit.</span> <span class='ocrx_word' id='word_1_258' title='bbox 601 4145 805 4225; x_wconf 79' lang='lat' dir='ltr'>Quod</span> <span class='ocrx_word' id='word_1_259' title='bbox 854 4165 1013 4211; x_wconf 91' lang='lat' dir='ltr'>cum</span> <span class='ocrx_word' id='word_1_260' title='bbox 1062 4164 1201 4208; x_wconf 94' lang='lat' dir='ltr'>non</span> <span class='ocrx_word' id='word_1_261' title='bbox 1250 4146 1529 4226; x_wconf 87' lang='lat' dir='ltr'>fecerit,</span> <span class='ocrx_word' id='word_1_262' title='bbox 1580 4145 2183 4226; x_wconf 88' lang='lat' dir='ltr'>comparationem</span> <span class='ocrx_word' id='word_1_263' title='bbox 2233 4143 2551 4206; x_wconf 89' lang='lat' dir='ltr'>codicum</span> <span class='ocrx_word' id='word_1_264' title='bbox 2601 4143 2670 4205; x_wconf 92' lang='lat' dir='ltr'>M</span> <span class='ocrx_word' id='word_1_265' title='bbox 2719 4146 2789 4205; x_wconf 91' lang='lat' dir='ltr'>et</span> <span class='ocrx_word' id='word_1_266' title='bbox 2837 4140 2883 4205; x_wconf 90' lang='lat' dir='ltr'>S</span> 
     </span>
     <span class='ocr_line' id='line_1_35' title="bbox 100 4249 2885 4333; baseline -0.003 -13"><span class='ocrx_word' id='word_1_267' title='bbox 100 4257 342 4320; x_wconf 88' lang='lat' dir='ltr'>denuo</span> <span class='ocrx_word' id='word_1_268' title='bbox 394 4252 839 4316; x_wconf 79' lang='lat' dir='ltr'>institua-mus</span> <span class='ocrx_word' id='word_1_269' title='bbox 887 4271 1176 4316; x_wconf 90' lang='lat' dir='ltr'>necesse</span> <span class='ocrx_word' id='word_1_270' title='bbox 1225 4262 1349 4316; x_wconf 92' lang='lat' dir='ltr'>est.</span> <span class='ocrx_word' id='word_1_271' title='bbox 1448 4250 1606 4332; x_wconf 80' lang='lat' dir='ltr'>Qua</span> <span class='ocrx_word' id='word_1_272' title='bbox 1663 4252 1733 4314; x_wconf 90' lang='lat' dir='ltr'>in</span> <span class='ocrx_word' id='word_1_273' title='bbox 1794 4270 1868 4315; x_wconf 86' lang='lat' dir='ltr'>re</span> <span class='ocrx_word' id='word_1_274' title='bbox 1930 4250 2231 4333; x_wconf 87' lang='lat' dir='ltr'>primum</span> <span class='ocrx_word' id='word_1_275' title='bbox 2295 4249 2571 4329; x_wconf 90' lang='lat' dir='ltr'>quidem</span> <span class='ocrx_word' id='word_1_276' title='bbox 2642 4266 2885 4312; x_wconf 89' lang='lat' dir='ltr'>omnes</span> 
     </span>
     <span class='ocr_line' id='line_1_36' title="bbox 100 4356 2888 4435; baseline -0.002 -11"><span class='ocrx_word' id='word_1_277' title='bbox 100 4361 455 4426; x_wconf 89' lang='lat' dir='ltr'>lectiones</span> <span class='ocrx_word' id='word_1_278' title='bbox 505 4363 626 4421; x_wconf 89' lang='lat' dir='ltr'>aut</span> <span class='ocrx_word' id='word_1_279' title='bbox 675 4359 1194 4422; x_wconf 90' lang='lat' dir='ltr'>consentientes</span> <span class='ocrx_word' id='word_1_280' title='bbox 1243 4365 1364 4421; x_wconf 90' lang='lat' dir='ltr'>aut</span> <span class='ocrx_word' id='word_1_281' title='bbox 1430 4358 1918 4421; x_wconf 89' lang='lat' dir='ltr'>dissentientes</span> <span class='ocrx_word' id='word_1_282' title='bbox 1986 4356 2416 4435; x_wconf 56' lang='lat' dir='ltr'>omitt-amm,</span> <span class='ocrx_word' id='word_1_283' title='bbox 2475 4372 2657 4435; x_wconf 85' lang='lat' dir='ltr'>quae</span> <span class='ocrx_word' id='word_1_284' title='bbox 2722 4356 2888 4419; x_wconf 89' lang='lat' dir='ltr'>scri-</span> 
     </span>
     <span class='ocr_line' id='line_1_37' title="bbox 100 4462 2887 4544; baseline -0.004 -10"><span class='ocrx_word' id='word_1_285' title='bbox 100 4467 326 4534; x_wconf 88' lang='lat' dir='ltr'>bendi</span> <span class='ocrx_word' id='word_1_286' title='bbox 392 4470 664 4528; x_wconf 86' lang='lat' dir='ltr'>tantum</span> <span class='ocrx_word' id='word_1_287' title='bbox 726 4465 1018 4528; x_wconf 87' lang='lat' dir='ltr'>rationis</span> <span class='ocrx_word' id='word_1_288' title='bbox 1080 4484 1299 4529; x_wconf 88' lang='lat' dir='ltr'>causa</span> <span class='ocrx_word' id='word_1_289' title='bbox 1360 4469 1690 4528; x_wconf 87' lang='lat' dir='ltr'>enotatae</span> <span class='ocrx_word' id='word_1_290' title='bbox 1752 4468 1933 4544; x_wconf 83' lang='lat' dir='ltr'>sunt⁷</span> <span class='ocrx_word' id='word_1_291' title='bbox 1993 4469 2064 4526; x_wconf 93' lang='lat' dir='ltr'>et</span> <span class='ocrx_word' id='word_1_292' title='bbox 2124 4463 2192 4525; x_wconf 90' lang='lat' dir='ltr'>in</span> <span class='ocrx_word' id='word_1_293' title='bbox 2258 4462 2506 4544; x_wconf 90' lang='lat' dir='ltr'>quibus</span> <span class='ocrx_word' id='word_1_294' title='bbox 2559 4466 2681 4524; x_wconf 91' lang='lat' dir='ltr'>aut</span> <span class='ocrx_word' id='word_1_295' title='bbox 2730 4480 2887 4525; x_wconf 92' lang='lat' dir='ltr'>con-</span> 
     </span>
     <span class='ocr_line' id='line_1_38' title="bbox 100 4569 2887 4657; baseline -0.003 -18"><span class='ocrx_word' id='word_1_296' title='bbox 100 4578 378 4657; x_wconf 84' lang='lat' dir='ltr'>gruunt</span> <span class='ocrx_word' id='word_1_297' title='bbox 426 4576 550 4634; x_wconf 87' lang='lat' dir='ltr'>aut</span> <span class='ocrx_word' id='word_1_298' title='bbox 597 4572 976 4653; x_wconf 87' lang='lat' dir='ltr'>divergunt</span> <span class='ocrx_word' id='word_1_299' title='bbox 1024 4572 1304 4636; x_wconf 89' lang='lat' dir='ltr'>codices</span> <span class='ocrx_word' id='word_1_300' title='bbox 1353 4573 1422 4635; x_wconf 92' lang='lat' dir='ltr'>M</span> <span class='ocrx_word' id='word_1_301' title='bbox 1470 4576 1540 4635; x_wconf 88' lang='lat' dir='ltr'>et</span> <span class='ocrx_word' id='word_1_302' title='bbox 1586 4571 1630 4636; x_wconf 88' lang='lat' dir='ltr'>S</span> <span class='ocrx_word' id='word_1_303' title='bbox 1681 4577 1804 4634; x_wconf 88' lang='lat' dir='ltr'>aut</span> <span class='ocrx_word' id='word_1_304' title='bbox 1850 4571 2033 4634; x_wconf 89' lang='lat' dir='ltr'>inter</span> <span class='ocrx_word' id='word_1_305' title='bbox 2080 4590 2155 4634; x_wconf 92' lang='lat' dir='ltr'>se</span> <span class='ocrx_word' id='word_1_306' title='bbox 2205 4574 2327 4632; x_wconf 86' lang='lat' dir='ltr'>aut</span> <span class='ocrx_word' id='word_1_307' title='bbox 2374 4587 2534 4632; x_wconf 91' lang='lat' dir='ltr'>cum</span> <span class='ocrx_word' id='word_1_308' title='bbox 2582 4569 2887 4633; x_wconf 89' lang='lat' dir='ltr'>lectione</span> 
     </span>
     <span class='ocr_line' id='line_1_39' title="bbox 102 4673 2888 4761; baseline -0.004 -15"><span class='ocrx_word' id='word_1_309' title='bbox 102 4683 448 4761; x_wconf 86' lang='lat' dir='ltr'>vulgata:</span> <span class='ocrx_word' id='word_1_310' title='bbox 513 4696 626 4741; x_wconf 90' lang='lat' dir='ltr'>res</span> <span class='ocrx_word' id='word_1_311' title='bbox 689 4680 876 4742; x_wconf 91' lang='lat' dir='ltr'>enim</span> <span class='ocrx_word' id='word_1_312' title='bbox 940 4678 1527 4759; x_wconf 86' lang='lat' dir='ltr'>orthographicas</span> <span class='ocrx_word' id='word_1_313' title='bbox 1588 4678 1658 4739; x_wconf 89' lang='lat' dir='ltr'>in</span> <span class='ocrx_word' id='word_1_314' title='bbox 1721 4678 1979 4741; x_wconf 89' lang='lat' dir='ltr'>talibus</span> <span class='ocrx_word' id='word_1_315' title='bbox 2028 4676 2407 4754; x_wconf 75' lang='lat' dir='ltr'>codicibUS,</span> <span class='ocrx_word' id='word_1_316' title='bbox 2459 4675 2721 4755; x_wconf 88' lang='lat' dir='ltr'>quippe</span> <span class='ocrx_word' id='word_1_317' title='bbox 2771 4673 2888 4754; x_wconf 90' lang='lat' dir='ltr'>qui</span> 
     </span>
     <span class='ocr_line' id='line_1_40' title="bbox 98 4781 2889 4864; baseline -0.004 -11"><span class='ocrx_word' id='word_1_318' title='bbox 98 4791 234 4853; x_wconf 85' lang='lat' dir='ltr'>sub</span> <span class='ocrx_word' id='word_1_319' title='bbox 300 4788 520 4850; x_wconf 90' lang='lat' dir='ltr'>finem</span> <span class='ocrx_word' id='word_1_320' title='bbox 582 4786 849 4849; x_wconf 87' lang='lat' dir='ltr'>saeculi</span> <span class='ocrx_word' id='word_1_321' title='bbox 911 4785 1044 4848; x_wconf 89' lang='lat' dir='ltr'>XV</span> <span class='ocrx_word' id='word_1_322' title='bbox 1111 4785 1242 4848; x_wconf 89' lang='lat' dir='ltr'>orti</span> <span class='ocrx_word' id='word_1_323' title='bbox 1305 4785 1462 4864; x_wconf 82' lang='lat' dir='ltr'>sint,</span> <span class='ocrx_word' id='word_1_324' title='bbox 1525 4784 1795 4846; x_wconf 88' lang='lat' dir='ltr'>minimi</span> <span class='ocrx_word' id='word_1_325' title='bbox 1856 4783 2191 4847; x_wconf 90' lang='lat' dir='ltr'>momenti</span> <span class='ocrx_word' id='word_1_326' title='bbox 2254 4799 2407 4844; x_wconf 90' lang='lat' dir='ltr'>esse</span> <span class='ocrx_word' id='word_1_327' title='bbox 2469 4781 2611 4843; x_wconf 89' lang='lat' dir='ltr'>iam</span> <span class='ocrx_word' id='word_1_328' title='bbox 2674 4797 2889 4860; x_wconf 88' lang='lat' dir='ltr'>supra</span> 
     </span>
     <span class='ocr_line' id='line_1_41' title="bbox 100 4889 2890 4982; baseline -0.003 -23"><span class='ocrx_word' id='word_1_329' title='bbox 100 4893 547 4982; x_wconf 84' lang='lat' dir='ltr'>monuimus3</span> <span class='ocrx_word' id='word_1_330' title='bbox 599 4895 836 4955; x_wconf 87' lang='lat' dir='ltr'>tamen</span> <span class='ocrx_word' id='word_1_331' title='bbox 884 4891 1022 4956; x_wconf 93' lang='lat' dir='ltr'>hoc</span> <span class='ocrx_word' id='word_1_332' title='bbox 1071 4893 1368 4955; x_wconf 89' lang='lat' dir='ltr'>fortasse</span> <span class='ocrx_word' id='word_1_333' title='bbox 1430 4907 1984 4954; x_wconf 88' lang='lat' dir='ltr'>commemorare</span> <span class='ocrx_word' id='word_1_334' title='bbox 2049 4889 2317 4969; x_wconf 87' lang='lat' dir='ltr'>licebit,</span> <span class='ocrx_word' id='word_1_335' title='bbox 2377 4889 2689 4952; x_wconf 90' lang='lat' dir='ltr'>minutiis</span> <span class='ocrx_word' id='word_1_336' title='bbox 2746 4889 2890 4970; x_wconf 88' lang='lat' dir='ltr'>qui-</span> 
     </span>
    </p>
   </div>
  </div>
 </body>
</html>
