3509 5600
1252 396 1689 457 ...71—

508 582 678 665 Cap.
917 583 977 647 V
1027 590 1399 666 corruptus
1767 585 1834 649 H
1881 588 2116 669 (lectio
2166 587 2487 669 vulgata)

589 708 684 772 VI
701 716 775 773 11
917 722 1021 773 aut
1054 718 1238 791 yeleae
1771 723 1875 774 aut
1916 718 2108 793 qaleae

580 817 683 879 XI
741 824 777 881 3
912 829 1368 899 praetractentur
1760 830 2182 900 pertractentur

503 923 677 986 XIX
743 932 779 989 3
818 994 825 999 ‚
908 932 1134 1006 pam'ter
1178 937 1229 989 et
1757 933 1985 1007 pariter
2029 952 2095 990 ac

503 1029 681 1094 XXI
739 1040 775 1095 3
916 1038 1102 1095 luitur
1144 1039 1316 1095 etiam
1769 1040 1956 1096 luitur
1999 1040 2158 1096 enim
2204 1040 2381 1097 etiam

435 1137 679 1201 XXIX
738 1148 774 1203 3
915 1146 1057 1203 olim·
1092 1146 1355 1221 populns
1768 1147 2069 1224 quondam
2105 1147 2366 1222 populus

366 1246 681 1309 XXXIII
700 1252 780 1313 10
916 1271 982 1308 aa
1026 1258 1165 1309 certe
1766 1258 1826 1309 at
1870 1259 2010 1310 certe
2411 1236 2418 1243 ⁸

931 1406 991 1468 V
1039 1408 1521 1490 interpolatus,

547 1532 680 1595 VII
741 1540 775 1597 6
914 1557 1097 1613 neque
1140 1540 1425 1595 verberare
1768 1558 1840 1597 ne
1885 1541 2169 1597 verbm-are

371 1639 681 1702 XXXVI
739 1647 775 1704 8
914 1645 1069 1721 fossi
1769 1647 1892 1723 fosi

301 1746 772 1810 XXXV11111
914 1754 1002 1811 ‘rei
1047 1754 1233 1827 liqcmt
1765 1753 2016 1827 rele‘yant
2034 1755 2089 1827 *)

252 1942 357 2006 Ex
407 1943 515 2006 his
565 1962 747 2025 quae
790 1945 992 2008 attuli
1037 1945 1379 2026 exemplis
1421 1946 1592 2009 satis
1633 1945 1804 2008 mihi
1847 1963 2195 2026 apparere
2235 1944 2511 2007 videtur
2545 1943 2614 2006 id
2660 1942 2847 2025 quod

107 2050 220 2113 iam
263 2069 416 2114 sum
466 2051 1105 2117 demonstraturus:
1158 2071 1588 2134 quamquam
1638 2053 1821 2115 inter
1871 2071 1944 2115 se
1987 2051 2314 2115 simillimi
2360 2057 2521 2113 sunt
2564 2050 2848 2115 codices

108 2155 157 2218 H
183 2163 245 2220 et
275 2157 355 2239 V,
408 2162 645 2222 tamen
695 2178 924 2241 neque
973 2160 1038 2223 H
1087 2180 1124 2224 e
1160 2159 1220 2221 V
1253 2178 1483 2241 neque
1518 2160 1579 2223 V
1611 2179 1649 2223 e
1681 2159 1747 2222 H
1797 2159 2138 2239 originem
2189 2158 2405 2221 duxit.
2470 2157 2650 2220 Nam
2684 2175 2847 2221 cum

108 2262 175 2326 de
215 2265 573 2329 codicibus
622 2266 1085 2331 deterioribus
1135 2271 1205 2330 et
1253 2267 1696 2347 interpolatis
1735 2306 1813 2314 —-
1859 2265 2044 2346 quod
2078 2265 2213 2329 hoc
2245 2264 2400 2328 1000
2443 2264 2590 2327 fieri
2639 2282 2845 2327 nemo

109 2373 362 2451 negabit
413 2413 495 2420 -
550 2375 913 2453 quaeritur
963 2383 1116 2438 uter
1160 2375 1381 2437 utrius
1431 2374 1643 2436 fuerit
1691 2373 2176 2454 archetypum,
2228 2390 2515 2435 necesse
2565 2376 2671 2434 est
2718 2371 2849 2434 hos

108 2477 355 2542 codices
421 2479 668 2542 iisdem
734 2498 1012 2562 semper
1065 2482 1239 2545 locis
1296 2480 1956 2561 interpolationibus
2021 2480 2368 2556 laborare,
2428 2483 2550 2540 aut
2614 2496 2848 2541 exe-m-

108 2584 236 2663 plar
294 2586 726 2666 descriptum
782 2588 900 2650 vel
962 2589 1169 2668 plura
1224 2588 1529 2668 vestigia
1592 2586 2063 2649 emendatoris
2141 2587 2496 2648 temerarii
2579 2586 2846 2648 habere

108 2691 173 2755 iis
221 2693 499 2774 quidem
555 2693 749 2772 locis,
802 2695 1052 2774 quibus
1113 2695 1465 2775 integrum
1525 2698 1631 2758 est
1695 2694 2190 2774 archetypum:
2253 2693 2388 2756 hoc
2445 2694 2630 2755 enim
2693 2692 2846 2755 fieri

32 2835 33 2838 =
109 2803 334 2882 nequit,
386 2807 462 2865 ut
506 2802 874 2883 exemplar
922 2802 1351 2883 descriptum
1403 2803 1881 2882 compluribus
1929 2802 2121 2878 10018,
2176 2802 2291 2864 ubi
2340 2801 2845 2882 interpolatum

108 2917 192 2970 est
261 2910 756 2991 archetypum,
834 2910 1216 2989 genuinam
1298 2910 1634 2973 exhibeat
1712 2909 2108 2973 lectionem.
2216 2909 2466 2989 Itaque
2546 2908 2603 2970 si
2671 2907 2846 2970 duos

32 3005 33 3012 '
106 3011 412 3078 habemus
476 3015 778 3096 codiceS,
845 3017 962 3097 qui
1025 3017 1126 3079 ita
1188 3018 1371 3080 inter
1434 3036 1509 3080 se
1573 3017 1922 3094 differunt,
1985 3022 2057 3077 ut
2114 3017 2336 3079 altero
2385 3017 2541 3078 loco
2592 3015 2708 3078 hic
2756 3016 2847 3077 sit

32 3097 35 3192 l

106 3119 559 3203 interpolatuS,
623 3124 743 3186 ille
807 3123 1100 3204 integer,
1168 3125 1392 3187 altero
1444 3143 1614 3187 vero
1673 3123 1790 3186 hic
1837 3123 2131 3201 integer,
2182 3123 2299 3185 ille
2348 3121 2839 3203 interpolatus,

32 3241 33 3262 ³
108 3229 478 3307 negandum
534 3234 640 3292 est
698 3230 998 3293 alterum
1064 3250 1154 3294 ex
1216 3232 1440 3294 altero
1506 3231 1972 3310 descendisse,
2037 3237 2107 3292 et
2168 3229 2237 3291 id
2305 3231 2530 3293 solum
2596 3247 2843 3293 conce-

32 3409 33 3416 *
109 3331 396 3416 dendnm,
448 3354 588 3415 008,
637 3336 980 3417 siquidem
1031 3339 1203 3401 nihil
1268 3339 1458 3402 aliud
1524 3340 1771 3419 obstet,
1833 3338 1950 3400 nni
2008 3337 2375 3418 eidemque
2435 3336 2845 3400 tribuendos

108 3456 231 3503 esse
290 3442 703 3524 archetypo,
769 3461 905 3525 000
965 3446 1034 3507 111
1086 3446 1550 3509 describendo
1592 3467 1822 3527 pauca
1869 3445 2263 3508 meliuscula
2310 3446 2540 3529 facere
2604 3444 2842 3506 conati

32 3559 35 3630 ᾗ
109 3545 219 3609 sint
261 3550 548 3630 librarii,
600 3556 813 3632 atque
866 3558 939 3614 ut
985 3554 1081 3632 fit,
1132 3553 1312 3615 alter
1361 3552 1515 3631 hoc,
1567 3553 1746 3615 alter
1795 3552 1913 3614 illo
1964 3552 2139 3614 loco,

252 3674 482 3756 Atque
530 3675 586 3737 si
636 3675 778 3738 iam
829 3676 1312 3740 demonstrare
1357 3677 1734 3756 studemuS,
1779 3675 2138 3740 codicibus
2173 3674 2236 3737 H
2270 3681 2340 3737 et
2373 3674 2433 3735 V
2469 3692 2841 3738 commune

32 3779 33 3816 ἰ
108 3779 424 3856 quoddam
460 3782 674 3846 fuisse
703 3782 1189 3864 archetypum,
1219 3782 1744 3864 comparandae
1779 3782 1979 3845 nobis
2005 3789 2214 3844 erunt
2237 3800 2477 3844 omnes
2504 3782 2844 3843 lectiones

32 3909 35 4020 l

109 3884 393 3951 codicum
451 3887 518 3951 H
575 3894 647 3952 et
693 3889 782 3952 V:
834 3890 1046 3952 etiam
1095 3890 1232 3955 hac
1282 3891 1349 3952 in
1399 3908 1476 3954 re
1534 3908 1916 3971 numquam
1967 3908 2004 3952 e
2054 3888 2329 3952 silentio
2388 3887 2510 3950 sed
2561 3889 2843 3950 omnino

32 4023 35 4044 ÷
111 3989 216 4053 nisi
274 3994 572 4058 duorum
639 3996 960 4060 codicum
1035 3997 1430 4059 testimonio
1498 3997 1643 4059 nixi
1713 3997 2199 4061 conclusiones
2266 4015 2404 4058 non
2475 3996 2836 4059 faciemus

108 4093 277 4174 Quod
318 4120 481 4165 cum
523 4102 841 4183 facimus,
886 4122 1125 4166 earum
1174 4122 1450 4186 quoque
1492 4104 1894 4184 lectionum,
1930 4122 2106 4185 quas
2141 4122 2230 4166 ex
2265 4109 2560 4184 utroque
2597 4103 2843 4167 codice

106 4204 272 4268 nobis
317 4214 794 4272 servaverunt
840 4210 974 4272 viri
1027 4210 1233 4287 docti,
1293 4210 1676 4273 nonnullae
1744 4217 1904 4273 sunt
1964 4210 2474 4273 removendae:
2541 4227 2842 4291 quarum

106 4306 160 4369 in
202 4329 479 4377 numero
529 4314 869 4396 imprimis
917 4324 1078 4381 sunt
1125 4317 1365 4381 sordes
1424 4315 2039 4400 orthographicae.
2134 4316 2313 4378 Nam
2378 4315 2562 4396 quod
2626 4335 2846 4397 supra

32 4479 33 4506 ¹
106 4420 328 4501 monui,
391 4439 623 4502 neque
687 4423 914 4488 codici
970 4425 1036 4488 H
1079 4423 1320 4510 {neque
1387 4424 1616 4488 codici
1665 4423 1725 4486 V
1775 4422 2354 4504 orthographiam
2403 4442 2557 4486 esse
2607 4429 2844 4487 certas

32 4513 35 4644 l

32 4649 35 4726 l

108 4521 268 4603 leges
312 4534 743 4611 sequentem,
794 4549 876 4593 eo
927 4532 1023 4603 fit,
1075 4536 1151 4594 ut
1198 4532 1480 4613 saepius
1528 4531 1597 4593 in
1649 4530 2177 4612 orthographia,
2224 4531 2549 4611 quamvis
2592 4530 2843 4594 eadem

105 4628 228 4695 fere
271 4637 545 4718 utrique
595 4637 822 4702 codici
871 4638 978 4718 sit,
1030 4638 1432 4719 discrepent
1481 4639 1784 4720 codices,
1827 4657 2055 4720 neque
2099 4640 2333 4704 evinci
2375 4641 2613 4721 possit,
2651 4638 2844 4719 quid-

118 4759 283 4770 κ.

254 4819 299 4894 *)
341 4821 603 4880 Accedat
657 4822 775 4879 huc
830 4822 1123 4897 glossema
1177 4822 1344 4895 illud,
1403 4822 1563 4898 quod
1617 4841 1741 4898 cap.
1791 4822 2082 4880 XLIH14
2139 4822 2199 4879 in
2245 4829 2472 4882 textum
2519 4824 2740 4882 codicis
2789 4821 2846 4878 V

110 4900 338 4981 irrepsit:
384 4915 436 4993 ξ
481 4910 570 4969 vel
612 4911 778 4969 aliosi.
