3509 5600
779 4725 856 4864 Cap.
718 4618 933 4632 Ι

1000 4744 1054 4941 XXVI
1004 4673 1050 4703 5

1093 4674 1140 4704 6

1590 4676 1639 4707 8

1738 4676 1815 4722 ‘9

1857 4678 1904 4738 11

1941 4745 1996 4972 XXVII
1945 4675 1992 4705 6

2034 4674 2082 4705 8

2211 4674 2258 4737 13

2297 4733 2350 4992 XXVIII
2300 4679 2347 4702 1

2388 4675 2437 4705 6

2478 4675 2526 4703 7

2655 4674 2703 4705 8

2745 4674 2792 4704 9

3012 4679 3059 4737 11

3289 4677 3345 4740 12

742 4209 802 4400 Editio

833 4094 892 4522 Muellenhoffii

993 4159 1069 4449 paitieudi

1085 4158 1158 4440 praebent

1249 4173 1389 4441 11ϋοῗ1810

1420 4204 1479 4397 labore

1585 4166 1655 4438 separent

1764 4394 1816 4455 et
1758 4145 1816 4348 hortos

1847 4204 1905 4397 hiems

1940 4445 1994 4507 et
1953 4087 2010 4400 operosum

2030 4183 2098 4410 ponunt

2113 4212 2171 4527 honestum
2118 4077 2171 4169 est

2202 4172 2260 4441 nationes

2296 4195 2348 4401 auctor

2380 4186 2438 4407 divisas

2469 4185 2527 4394 silvam

2557 4163 2616 4440 Moenum

2646 4167 2705 4425 Helvetii

2735 4268 2794 4570 Boihaemi
2754 4023 2794 4236 nomen

2914 4091 2990 4503 significatque

3004 4434 3062 4541 sed
3008 4177 3061 4379 utrum
3003 4053 3061 4132 A·

3092 4362 3151 4572 ravisci
3093 4234 3150 4296 in
3092 4025 3150 4176 Pan-

3180 4341 3242 4573 noniam
3183 4223 3243 4295 ab
3180 4026 3259 4175 Osis,

3276 4104 3344 4529 Germanorum

3375 4318 3432 4550 1111110ηο
3392 4197 3428 4268 an
3369 4051 3424 4146 Osi

744 3617 803 3928 Lectiones
744 3317 820 3593 editionis

834 3431 892 3822 Holderianae

1085 3549 1160 3693 pbet

1368 3524 1480 3722 lab—ore

1581 3445 1658 3808 seperentH

1689 3692 1728 3810 var.
1675 3440 1728 3642 secent

1765 3614 1818 3726 ut.

1848 3532 1906 3722 hiems

2119 3677 2173 3772 est
2115 3462 2173 3631 omis,

2299 3471 2351 3779 auctorum

2683 3580 2692 3666 —-

2738 3619 2796 3895 boiihemi
2755 3348 2795 3562 nomen

2846 3843 2885 3922 m.
2812 3578 2885 3810 bohemi
2844 3334 2884 3545 nomen

2916 3419 3062 3781 signatquea

3093 3590 3152 3804 rauisci
3139 3537 3151 3548 .
3139 3488 3151 3500 .
3139 3440 3151 3451 .

3202 3611 3241 3689 .a
3183 3459 3241 3586 bois

743 2803 804 3050 Collatio

833 2771 892 3096 Hummelii

1086 2783 1160 3070 praebent

1616 2885 1625 2969 α,

1676 2821 1729 3024 secent

2032 2815 2103 3042 ponunt

2149 2885 2781 2988 111111Ιὶ

3005 3053 3063 3158 sed
3010 2803 3063 3005 utrum
3023 2698 3061 2756 a-

3094 2993 3152 3205 rauisci
3094 2864 3151 2925 in
3112 2656 3170 2795 pan-

3184 2969 3242 3206 noniam
3202 2868 3242 2904 a
3183 2654 3242 2800 boiis

3291 2720 3347 3130 germanorum

3361 2956 3413 3188 natione
3377 2839 3409 2909 an
3358 2676 3407 2789 boii

779 2300 838 2546 Collatio
778 1985 855 2253 Longolii
718 1935 932 1942 ἱ
780 1628 840 1872 Collatio
779 1310 855 1580 Seliingii

994 2118 1070 2414 parciendi

1334 2127 1392 2394 ubertate

1675 2161 1729 2363 secent

1764 2341 1818 2409 ut
1765 2140 1818 2296 ortos

1848 2175 1906 2364 hiems

1943 2414 1995 2475 et
1955 2059 2012 2368 operosum

2204 2137 2263 2409 naciones

2298 2113 2351 2424 auctorum

2382 2164 2440 2380 divisas

2470 2166 2528 2377 silvam

2578 2134 2618 2409 moenum

2649 2144 2707 2395 helvecii

2738 2161 2796 2483 boiihemi.

2846 2379 2884 2457 m.
2784 2064 2885 2326 bohemi

2916 2116 2992 2429 signatque

3095 2246 3155 2457 ravisci
3143 2187 3155 2198 .
3143 2125 3155 2135 .
3143 2061 3155 2072 .

3232 2337 3244 2348 .
3205 2245 3243 2280 a
3186 2065 3244 2211 boiis

1086 1452 1159 1731 praebent

1167 1356 1325 1821 ἓξῗαῡεααωη

1421 1496 1479 1692 labore

1587 1463 1656 1731 seperent

1671 1856 1728 1928 al.
1670 1516 1728 1842 secentead.
1690 1434 1728 1512 m.
1671 1362 1728 1430 in
1689 1274 1727 1352 m.

1765 1682 1818 1749 ut
1761 1433 1818 1637 hortos

2120 1654 2174 1745 081
2116 1439 2174 1608 omis.

2382 1481 2440 1703 divisas

2739 1481 2798 1803 boiihemi.

2848 1710 2886 1787 m.
2784 1387 2887 1660 bohemi

2918 1441 2993 1748 signatque

3186 1432 3245 1754 ...abois

3291 1386 3342 1797 germanorum

3354 1594 3402 1824 natione
3391 1547 3401 1558 .
3390 1500 3400 1511 .
3353 1382 3400 1466 081

834 1023 892 1080 H
834 718 893 978 restituti

995 742 1071 1039 parciendi

1085 754 1159 1029 praebent

1168 765 1326 1123 Θῒῗαόεαᾱ.
1228 665 1267 743 m.

1335 755 1392 1023 ubertate

1436 1243 1539 1247 ἰ
1423 793 1481 992 labore

1587 763 1658 1036 seperent

1718 1241 1861 1247 Ι
1766 971 1819 1040 111
1766 769 1819 925 01108

1867 1241 1898 1246 ι
1849 804 1908 991 hiems

1944 1048 1998 1109 et
1956 689 2014 1002 operosum

2032 785 2127 1009 pommt

2123 966 2175 1059 est
2117 751 2175 919 omis,

2169 1242 2354 1248 Ι
2205 761 2264 1034 naciones

2299 744 2353 1054 auctorum

2383 792 2442 1010 divisas

2472 788 2531 997 silvam

2579 769 2619 1041 moenum

2649 773 2708 1023 helvecii

2765 1245 2788 1248 ⁸
2738 762 2798 1038 boiihemi

2793 1245 2900 1250 f
2849 995 2886 1073 m.
2827 714 2886 945 bohemi

2929 1246 3026 1250 ⁴
2919 744 2994 1058 signatque

3039 1245 3124 1250 N
3008 1065 3067 1173 sed
3012 805 3065 1004 utrum
3025 625 3064 750 ara-

3127 1246 3142 1250 ·
3096 1030 3157 1173 visci
3097 935 3155 996 in
3096 626 3173 905 pannoni-

3177 1246 3212 1249 ι

3206 1094 3244 1190 am
3206 1038 3243 1070 a
3186 864 3244 1012 boiis
3203 611 3258 839 germa-

3289 944 3326 1153 norum
3271 650 3336 897 natione,

3368 1135 3397 1210 an
3352 1026 3398 1110 osi
3351 859 3408 1002 (clel.,
3365 760 3395 837 on.
3350 600 3405 736 boii)

3425 1228 3483 1250 1

744 877 803 1185 Lectiones
744 614 803 831 codicis

1676 1013 1731 1216 secent
1671 873 1729 990 ead.
1690 769 1729 847 m.
1672 680 1729 748 1η
1690 579 1730 658 m.

2038 370 2117 430 14
