3509 5600
1785 378 2267 438 -112—

640 569 938 632 buSdam
988 568 1270 632 differre
1317 569 1499 631 inter
1547 586 1620 631 se
1669 567 1950 632 codices
2000 571 2306 630 nostros:
2366 566 2464 629 ita
2513 567 2819 647 exempli
2868 568 3102 647 gratia
3151 567 3419 631 vocula
3485 562 3486 571 ’

642 696 930 741 oceanus
980 676 1047 737 in
1093 675 1137 739 S
1186 693 1464 756 semper
1511 693 1638 756 per
1685 674 1842 756 du0,
1891 675 1962 737 in
2005 674 2073 737 M
2121 692 2399 755 semper
2439 692 2567 755 per
2609 692 2822 736 unum
2866 694 2899 737 c
2941 676 3299 754 scribitur,
3348 682 3419 737 ut
3485 676 3486 691 ¹

640 784 873 848 altera
935 801 1022 846 ex
1085 787 1289 864 parte
1340 782 1407 845 M
1454 783 1732 846 rhenum
1792 782 2080 845 fluvium
2147 799 2425 862 semper
2488 781 2636 844 sine
2699 781 2937 844 littera
2981 782 3023 844 h
3070 783 3416 863 scriptum
3485 800 3486 807 ¹

640 891 948 969 exhibet,
985 889 1172 970 quod
1204 889 1275 951 in
1309 890 1353 953 S
1386 889 1602 952 semel
1636 892 1909 951 tantum
1941 888 2341 969 repperitur
2372 888 2502 970 (III
2525 892 2649 968 13).
2699 888 3038 970 Reliquae
3073 889 3417 953 lectiones

640 995 1238 1075 orthographicae
1310 995 1566 1075 dignae
1641 1013 1774 1058 non
1846 1001 2006 1057 sunt
2077 995 2147 1056 in
2220 1012 2398 1076 quas
2463 995 2930 1076 inquiramus:
3001 1013 3228 1077 quare
3298 1014 3416 1059 eas
3485 1032 3486 1075 3

638 1103 890 1166 missas
938 1103 1284 1166 faciamus
1332 1108 1402 1165 et
1449 1101 1627 1164 alias
1673 1105 2092 1181 spectemus.
2188 1099 2502 1180 Quarum
2567 1101 2857 1181 triginta
2917 1101 3066 1164 fere
3124 1102 3306 1166 locis
3353 1102 3415 1164 M
3485 1098 3486 1167 ἶ

641 1214 713 1272 et
761 1208 806 1271 S
855 1209 955 1271 ita
1003 1208 1431 1289 conspirant,
1483 1212 1557 1269 ut
1603 1206 1828 1288 primo
1887 1208 2130 1269 obtutu
2182 1208 2532 1270 communi
2583 1225 2702 1271 eos
2751 1208 3142 1289 archetypo
3196 1209 3415 1272 vindi·
3485 1220 3486 1235 ¹

641 1315 943 1394 caveriS,
989 1314 1074 1377 de
1116 1315 1472 1395 plerisque
1515 1318 1751 1376 autem
1795 1331 2037 1376 earum
2071 1314 2287 1393 valet,
2332 1313 2517 1394 quod
2550 1315 2764 1395 paulo
2798 1332 3015 1396 supra
3047 1315 3118 1377 in
3158 1316 3416 1379 talibus

642 1422 1062 1486 lectionibus
1109 1422 1511 1492 statuimus:
1563 1426 1685 1484 aut
1725 1428 1887 1483 sunt
1927 1421 2374 1501 corruptelae
2418 1439 2629 1502 quam
2663 1421 3065 1485 levissimae
3101 1430 3228 1486 aut
3261 1441 3444 1486 con„
3485 1414 3486 1491 ἷ

641 1529 953 1592 sentiunt
1016 1546 1175 1592 cum
1239 1528 1504 1590 maiore
1566 1534 1770 1608 parte
1833 1527 2154 1591 codicum
2219 1527 2675 1609 deteriorum3
2741 1546 3037 1609 quorum
3099 1530 3416 1593 locorum
3485 1516 3486 1589 l

642 1635 1155 1699 enumerationi
1189 1653 1488 1716 parcere
1528 1634 1698 1697 mihi
1740 1634 1972 1712 liceat,
2015 1633 2228 1698 facile
2269 1652 2389 1697 eos
2426 1634 2746 1698 invenies
2791 1636 2861 1698 in
2898 1636 3412 1700 collationibus.
3485 1620 3486 1627 ἵ

641 1742 1008 1808 Gravioris
1057 1760 1228 1805 vero
1275 1741 1608 1805 momenti
1655 1741 1849 1804 solae
1898 1741 2033 1803 hae
2081 1745 2243 1803 sunt
2290 1741 2661 1805 lectiones:

1418 1901 1520 1963 III
1538 1908 1614 1964 10
1706 1924 2039 1981 repercussa
2145 1923 2251 1981 pro
2340 1924 2680 1980 repercussu

1537 2014 1616 2071 14
1708 2011 1857 2070 LAC
1868 2011 1974 2069 VN
1975 2012 2028 2068 A
2347 2020 2872 2069 ΛΣΚΗΙΥΡΓΙΟΝ

1357 2113 1523 2176 XVI
1539 2121 1568 2176 1
1580 2120 1616 2178 0
1709 2119 2002 2177 inliniunt
2348 2119 2616 2177 inlinunt

1285 2220 1523 2285 XXVI
1540 2228 1616 2286 10
1709 2226 1982 2301 deyerunt
2346 2227 2614 2300 climinant

821 2399 1091 2480 Quibus
1151 2399 1569 2463 lectionibus
1631 2400 1689 2461 si
1752 2398 1928 2462 duas
1989 2398 2149 2462 illas
2209 2417 2426 2480 supra
2472 2400 2730 2463 allatas
2778 2399 3056 2482 (XXV6
3110 2409 3172 2465 et
3221 2401 3409 2465 liberi

642 2506 914 2570 XXXV
933 2514 1009 2568 13
1062 2510 1296 2590 ayunt)
1358 2504 1697 2585 adiungiS,
1761 2522 2001 2568 omnes
2063 2509 2276 2568 testes
2335 2506 2702 2587 collegisti,
2764 2508 2881 2589 qui
2931 2508 3296 2573 codicibus
3344 2507 3406 2570 M

639 2621 712 2677 et
772 2613 816 2676 S
874 2629 1243 2676 commune
1309 2611 1676 2675 vindicant
1744 2611 2231 2693 archetypum.
2328 2610 2709 2676 Videamus
2781 2613 2943 2694 iam,
3017 2633 3110 2677 an
3186 2616 3408 2678 altera
3485 2666 3486 2669 ,

644 2737 924 2802 quoque
1012 2737 1102 2782 ex
1185 2724 1389 2801 parte
1476 2718 1812 2782 lectiones
1906 2719 2388 2800 inveniantur,
2479 2736 2662 2800 quae
2760 2719 2923 2783 huic
3018 2720 3406 2803 archetypo

639 2833 1059 2909 repugnent.
1156 2826 1471 2908 Quarum
1528 2844 1680 2908 ego,
1739 2844 1827 2889 ne
1883 2827 2087 2890 nimis
2144 2827 2354 2908 spatii
2403 2845 2817 2891 consumere
2867 2846 3166 2909 cogerer
3215 2829 3285 2891 in
3334 2845 3404 2890 re

640 2936 800 2999 luce
836 2928 925 2996 ‘ut
971 2951 1177 3014 spero
1226 2934 1548 3014 clariore,
1598 2936 1871 2995 tantum
1918 2951 2038 2997 eas
2088 2933 2312 3014 attuli,
2376 2951 2560 3015 quae
2623 2935 2694 2997 in
2758 2936 3110 3016 capitibus
3159 2935 3322 2999 inde
3368 2953 3410 2996 a
3485 2937 3486 2998 ]

640 3043 866 3123 primo
926 3058 1145 3121 usque
1209 3040 1300 3104 ad
1357 3041 1769 3104 vicesimum
1830 3040 2303 3104 inveniuntur.
2403 3041 2734 3106 Videmus
2795 3060 2885 3105 ex
2949 3042 3074 3121 his,
3133 3043 3204 3105 M
3252 3046 3321 3106 et
3364 3040 3408 3104 S

638 3147 1100 3212 multifariam
1147 3148 1330 3211 inter
1376 3167 1451 3212 se
1500 3148 1924 3230 discrepare,
1975 3166 2136 3212 cum
2185 3153 2479 3230 uterque
2521 3149 2612 3212 sit
2652 3155 2723 3213 et
2764 3155 3137 3231 corruptus
3180 3149 3406 3230 negle-

639 3255 885 3336 gentia
946 3254 1215 3317 librarii
1276 3259 1347 3318 et
1408 3255 1871 3335 interpolatus
1933 3255 2160 3318 studio
2226 3256 2375 3319 eius
2434 3256 2949 3320 emendatorio:
3010 3274 3233 3337 quare
3282 3257 3406 3319 has

642 3360 1077 3425 differentias
1124 3362 1305 3424 inter
1351 3361 1420 3424 M
1453 3366 1523 3425 et
1555 3361 1599 3425 S
1641 3366 2001 3425 exstantes
2043 3361 2280 3425 distuli
2321 3362 2392 3424 in
2437 3363 2744 3444 quinque
2787 3363 3076 3445 indiceS,
3112 3380 3400 3446 quorum

639 3469 866 3550 primo
915 3468 1329 3549 videbimUS,
1388 3485 1694 3549 quonam
1749 3470 1906 3534 loco
1954 3469 2021 3531 M
2068 3470 2158 3532 sit
2215 3475 2585 3551 corruptus
2643 3469 2887 3535 codice
2935 3470 2981 3535 S
3029 3470 3402 3534 exhibente

640 3576 1014 3654 vulgatam
1063 3574 1530 3656 traditionem,
1579 3575 1909 3657 secundo,
1961 3576 2248 3639 ubinam
2304 3576 2373 3638 M
2430 3577 2519 3640 sit
2578 3577 3065 3659 interpolatUS,
3133 3578 3179 3643 S
3236 3593 3401 3641 vero

640 3683 937 3761 integer,
984 3683 1208 3760 tertio,
1253 3682 1539 3745 ubinam
1571 3682 1616 3746 S
1648 3683 1737 3746 sit
1778 3687 2168 3764 corruptus,
2210 3687 2452 3746 tuente
2484 3684 2553 3746 M
2585 3684 2960 3748 lectionem
3003 3685 3399 3765 genuinam,
3485 3693 3486 3697 ’

641 3792 915 3868 quart0,
968 3789 1251 3851 ubinam
1299 3791 1344 3852 S
1391 3789 1667 3852 laboret
1712 3789 2254 3871 interpolatione
2305 3794 2375 3853 et
2423 3808 2582 3854 eam
2630 3792 2717 3854 ob
2765 3809 2916 3854 rem
2964 3791 3316 3873 discrepet
3360 3807 3402 3851 a

641 3894 888 3959 codice
937 3895 1005 3957 M
1053 3895 1346 3974 integr0.
1443 3895 1841 3976 Sequuntur
1903 3896 2202 3977 denique
2265 3897 2320 3958 ii·
2373 3897 2531 3977 loci,
2585 3897 2701 3960 ubi
2748 3901 2820 3960 et
2867 3897 2936 3959 M
2984 3902 3055 3960 et
3101 3898 3146 3963 S
3195 3899 3402 3960 inter-

642 4002 865 4083 polati
914 4007 1075 4064 sunt
1122 4007 1244 4064 aut
1292 4003 1624 4083 corrupti.

2049 4179 2105 4245 Ῑ.

992 4303 1078 4368 Μ
1113 4321 1285 4370 cor-
1491 4303 1545 4371 S
1591 4305 1817 4370 lectio
2385 4304 2474 4370 M
2509 4323 2681 4372 cor-
2918 4305 2972 4373 S
3020 4268 3256 4372 lectio-

1007 4417 1277 4494 ruptus
1493 4412 1814 4497 vulgata
2405 4420 2676 4496 ruptus
2921 4415 3241 4499 vulgata

754 4554 785 4616 I
808 4561 837 4616 1
852 4562 880 4616 1
968 4559 1244 4633 pontiam
1482 4559 1833 4634 ponthicwm
2206 4562 2236 4618 1
2249 4563 2283 4619 6
2375 4560 2677 4618 iso-mones
2891 4560 3217 4617 istaenones

723 4660 790 4722 Π
853 4668 881 4722 1
978 4666 1278 4739 incliyenes
1490 4666 1799 4740 indiyenoes·
2204 4668 2283 4724 22
2380 4667 2619 4741 tunyari
2897 4665 3096 4740 tunyri

848 4775 884 4830 5
980 4773 1132 4829 roris
1490 4774 1646 4831 raris
2089 4769 2186 4833 IV
2247 4777 2275 4831 1
2373 4774 2763 4848 oponionibus
2890 4771 3263 4848 opinionibus

806 4880 883 4937 12
979 4878 1273 4936 bis-bonam
1492 4879 1852 4937 thui-sconem
2204 4881 2282 4938 10
2375 4880 2497 4938 solo
2543 4881 2628 4937 ire
2889 4879 3070 4938 solove
