<?xml version="1.0" encoding="UTF-8"?>
<!DOCTYPE html PUBLIC "-//W3C//DTD XHTML 1.0 Transitional//EN"
    "http://www.w3.org/TR/xhtml1/DTD/xhtml1-transitional.dtd">
<html xmlns="http://www.w3.org/1999/xhtml" xml:lang="en" lang="en">
 <head>
  <title>
</title>
<meta http-equiv="Content-Type" content="text/html;charset=utf-8" />
  <meta name='ocr-system' content='tesseract 3.04.00' />
  <meta name='ocr-capabilities' content='ocr_page ocr_carea ocr_par ocr_line ocrx_word'/>
</head>
<body>
  <div class='ocr_page' id='page_1' title='image "./detacitigermani00tacigoog_0094.png"; bbox 0 0 3509 5600; ppageno 0'>
   <div class='ocr_carea' id='block_1_1' title="bbox 17 4467 20 5177">
    <p class='ocr_par' dir='ltr' id='par_1_1' title="bbox 17 4467 20 5177">
     <span class='ocr_line' id='line_1_1' title="bbox 17 4467 20 5177; baseline 0 0"><span class='ocrx_word' id='word_1_1' title='bbox 17 4467 20 5177; x_wconf 95' lang='lat' dir='ltr'> </span> 
     </span>
    </p>
   </div>
   <div class='ocr_carea' id='block_1_2' title="bbox 1823 405 2266 465">
    <p class='ocr_par' dir='ltr' id='par_1_2' title="bbox 1823 405 2266 465">
     <span class='ocr_line' id='line_1_2' title="bbox 1823 405 2266 465; baseline -0.002 -18"><span class='ocrx_word' id='word_1_2' title='bbox 1823 405 2266 465; x_wconf 74' lang='lat'>-72—</span> 
     </span>
    </p>
   </div>
   <div class='ocr_carea' id='block_1_3' title="bbox 655 595 3400 1106">
    <p class='ocr_par' dir='ltr' id='par_1_3' title="bbox 655 595 3400 1106">
     <span class='ocr_line' id='line_1_3' title="bbox 658 595 3392 678; baseline -0 -16"><span class='ocrx_word' id='word_1_3' title='bbox 658 615 821 662; x_wconf 90' lang='lat' dir='ltr'>nam</span> <span class='ocrx_word' id='word_1_4' title='bbox 873 596 1224 661; x_wconf 86' lang='lat' dir='ltr'>exstiterit</span> <span class='ocrx_word' id='word_1_5' title='bbox 1272 595 1344 658; x_wconf 91' lang='lat' dir='ltr'>in</span> <span class='ocrx_word' id='word_1_6' title='bbox 1391 613 1475 659; x_wconf 91' lang='lat' dir='ltr'>eo</span> <span class='ocrx_word' id='word_1_7' title='bbox 1524 595 1790 676; x_wconf 90' lang='lat' dir='ltr'>codice,</span> <span class='ocrx_word' id='word_1_8' title='bbox 1840 614 1931 659; x_wconf 87' lang='lat' dir='ltr'>ex</span> <span class='ocrx_word' id='word_1_9' title='bbox 1987 613 2125 678; x_wconf 96' lang='lat' dir='ltr'>quo</span> <span class='ocrx_word' id='word_1_10' title='bbox 2182 596 2321 659; x_wconf 89' lang='lat' dir='ltr'>sint</span> <span class='ocrx_word' id='word_1_11' title='bbox 2367 597 2740 678; x_wconf 84' lang='lat' dir='ltr'>exscripti3</span> <span class='ocrx_word' id='word_1_12' title='bbox 2805 601 3058 662; x_wconf 88' lang='lat' dir='ltr'>contra</span> <span class='ocrx_word' id='word_1_13' title='bbox 3104 602 3392 678; x_wconf 87' lang='lat' dir='ltr'>apertum</span> 
     </span>
     <span class='ocr_line' id='line_1_4' title="bbox 655 702 3395 786; baseline -0.001 -17"><span class='ocrx_word' id='word_1_14' title='bbox 655 709 784 786; x_wconf 86' lang='lat' dir='ltr'>est,</span> <span class='ocrx_word' id='word_1_15' title='bbox 847 703 1062 768; x_wconf 92' lang='lat' dir='ltr'>etiam</span> <span class='ocrx_word' id='word_1_16' title='bbox 1125 703 1231 766; x_wconf 91' lang='lat' dir='ltr'>his</span> <span class='ocrx_word' id='word_1_17' title='bbox 1297 703 1368 765; x_wconf 93' lang='lat' dir='ltr'>in</span> <span class='ocrx_word' id='word_1_18' title='bbox 1430 702 1738 766; x_wconf 90' lang='lat' dir='ltr'>minutiis</span> <span class='ocrx_word' id='word_1_19' title='bbox 1805 720 2221 767; x_wconf 86' lang='lat' dir='ltr'>consensum</span> <span class='ocrx_word' id='word_1_20' title='bbox 2286 704 2609 768; x_wconf 91' lang='lat' dir='ltr'>codicum</span> <span class='ocrx_word' id='word_1_21' title='bbox 2664 702 2732 767; x_wconf 93' lang='lat' dir='ltr'>H</span> <span class='ocrx_word' id='word_1_22' title='bbox 2785 708 2857 768; x_wconf 90' lang='lat' dir='ltr'>et</span> <span class='ocrx_word' id='word_1_23' title='bbox 2904 703 2966 767; x_wconf 90' lang='lat' dir='ltr'><strong>V</strong></span> <span class='ocrx_word' id='word_1_24' title='bbox 3014 704 3395 786; x_wconf 87' lang='lat' dir='ltr'>plerumque</span> 
     </span>
     <span class='ocr_line' id='line_1_5' title="bbox 656 809 3394 892; baseline -0.001 -16"><span class='ocrx_word' id='word_1_25' title='bbox 656 811 1032 892; x_wconf 78' lang='lat' dir='ltr'>archetypi</span> <span class='ocrx_word' id='word_1_26' title='bbox 1074 811 1450 875; x_wconf 90' lang='lat' dir='ltr'>lectionem</span> <span class='ocrx_word' id='word_1_27' title='bbox 1482 815 1870 892; x_wconf 86' lang='lat' dir='ltr'>praestare.</span> <span class='ocrx_word' id='word_1_28' title='bbox 1903 849 1991 858; x_wconf 92' lang='lat'>——</span> <span class='ocrx_word' id='word_1_29' title='bbox 2015 809 2400 874; x_wconf 78' lang='lat' dir='ltr'>Praeterea</span> <span class='ocrx_word' id='word_1_30' title='bbox 2432 810 2523 873; x_wconf 91' lang='lat' dir='ltr'>ad</span> <span class='ocrx_word' id='word_1_31' title='bbox 2558 810 3125 875; x_wconf 89' lang='lat' dir='ltr'>constituendum</span> <span class='ocrx_word' id='word_1_32' title='bbox 3157 816 3394 876; x_wconf 86' lang='lat' dir='ltr'>textum</span> 
     </span>
     <span class='ocr_line' id='line_1_6' title="bbox 656 902 3400 1003; baseline 0 -20"><span class='ocrx_word' id='word_1_33' title='bbox 656 917 1031 999; x_wconf 82' lang='lat' dir='ltr'>archetypi</span> <span class='ocrx_word' id='word_1_34' title='bbox 1112 917 1537 981; x_wconf 89' lang='lat' dir='ltr'>accedentes</span> <span class='ocrx_word' id='word_1_35' title='bbox 1616 917 2017 981; x_wconf 86' lang='lat' dir='ltr'>omittamus</span> <span class='ocrx_word' id='word_1_36' title='bbox 2097 917 2333 982; x_wconf 90' lang='lat' dir='ltr'>adhuc</span> <span class='ocrx_word' id='word_1_37' title='bbox 2411 902 2857 1003; x_wconf 70' lang='lat' dir='ltr'>correcturas</span> <span class='ocrx_word' id='word_1_38' title='bbox 2936 917 3400 983; x_wconf 84' lang='lat' dir='ltr'>adnotationes</span> 
     </span>
     <span class='ocr_line' id='line_1_7' title="bbox 655 1023 3398 1106; baseline 0 -17"><span class='ocrx_word' id='word_1_39' title='bbox 655 1025 1154 1106; x_wconf 85' lang='lat' dir='ltr'>supplementa</span> <span class='ocrx_word' id='word_1_40' title='bbox 1212 1041 1546 1086; x_wconf 91' lang='lat' dir='ltr'>manuum</span> <span class='ocrx_word' id='word_1_41' title='bbox 1608 1023 2102 1104; x_wconf 81' lang='lat' dir='ltr'>recentiorum,</span> <span class='ocrx_word' id='word_1_42' title='bbox 2167 1023 2253 1086; x_wconf 91' lang='lat' dir='ltr'>de</span> <span class='ocrx_word' id='word_1_43' title='bbox 2317 1024 2569 1105; x_wconf 87' lang='lat' dir='ltr'>quibus</span> <span class='ocrx_word' id='word_1_44' title='bbox 2632 1024 2818 1088; x_wconf 88' lang='lat' dir='ltr'>infra</span> <span class='ocrx_word' id='word_1_45' title='bbox 2874 1026 3226 1106; x_wconf 83' lang='lat' dir='ltr'>agendum</span> <span class='ocrx_word' id='word_1_46' title='bbox 3271 1027 3398 1090; x_wconf 88' lang='lat' dir='ltr'>erit.</span> 
     </span>
    </p>
   </div>
   <div class='ocr_carea' id='block_1_4' title="bbox 655 1166 3403 1472">
    <p class='ocr_par' dir='ltr' id='par_1_4' title="bbox 655 1166 3403 1472">
     <span class='ocr_line' id='line_1_8' title="bbox 836 1166 3402 1250; baseline 0.001 -20"><span class='ocrx_word' id='word_1_47' title='bbox 836 1167 1067 1249; x_wconf 90' lang='lat' dir='ltr'>Atque</span> <span class='ocrx_word' id='word_1_48' title='bbox 1115 1166 1276 1246; x_wconf 83' lang='lat' dir='ltr'>iam,</span> <span class='ocrx_word' id='word_1_49' title='bbox 1326 1168 1383 1229; x_wconf 87' lang='lat' dir='ltr'>si</span> <span class='ocrx_word' id='word_1_50' title='bbox 1432 1167 1688 1248; x_wconf 88' lang='lat' dir='ltr'>placet,</span> <span class='ocrx_word' id='word_1_51' title='bbox 1739 1166 2188 1231; x_wconf 88' lang='lat' dir='ltr'>conferamus</span> <span class='ocrx_word' id='word_1_52' title='bbox 2253 1185 2373 1230; x_wconf 90' lang='lat' dir='ltr'>eos</span> <span class='ocrx_word' id='word_1_53' title='bbox 2437 1168 2647 1247; x_wconf 81' lang='lat' dir='ltr'>locOS,</span> <span class='ocrx_word' id='word_1_54' title='bbox 2714 1168 2965 1250; x_wconf 89' lang='lat' dir='ltr'>quibus</span> <span class='ocrx_word' id='word_1_55' title='bbox 3032 1169 3211 1233; x_wconf 91' lang='lat' dir='ltr'>adeo</span> <span class='ocrx_word' id='word_1_56' title='bbox 3266 1189 3402 1235; x_wconf 84' lang='lat' dir='ltr'>con-</span> 
     </span>
     <span class='ocr_line' id='line_1_9' title="bbox 655 1273 3401 1359; baseline 0 -20"><span class='ocrx_word' id='word_1_57' title='bbox 655 1274 969 1339; x_wconf 84' lang='lat' dir='ltr'>sentiunt</span> <span class='ocrx_word' id='word_1_58' title='bbox 1015 1273 1080 1336; x_wconf 94' lang='lat' dir='ltr'><strong>H</strong></span> <span class='ocrx_word' id='word_1_59' title='bbox 1136 1277 1207 1336; x_wconf 90' lang='lat' dir='ltr'>et</span> <span class='ocrx_word' id='word_1_60' title='bbox 1254 1273 1334 1353; x_wconf 88' lang='lat' dir='ltr'>V,</span> <span class='ocrx_word' id='word_1_61' title='bbox 1405 1278 1480 1336; x_wconf 93' lang='lat' dir='ltr'>ut</span> <span class='ocrx_word' id='word_1_62' title='bbox 1546 1273 1853 1337; x_wconf 87' lang='lat' dir='ltr'>librariis</span> <span class='ocrx_word' id='word_1_63' title='bbox 1920 1291 2162 1336; x_wconf 87' lang='lat' dir='ltr'>eorum</span> <span class='ocrx_word' id='word_1_64' title='bbox 2229 1273 2522 1354; x_wconf 84' lang='lat' dir='ltr'>singulis</span> <span class='ocrx_word' id='word_1_65' title='bbox 2587 1274 2761 1339; x_wconf 87' lang='lat' dir='ltr'>locis</span> <span class='ocrx_word' id='word_1_66' title='bbox 2828 1294 2972 1338; x_wconf 92' lang='lat' dir='ltr'>una</span> <span class='ocrx_word' id='word_1_67' title='bbox 3036 1276 3401 1359; x_wconf 89' lang='lat' dir='ltr'>eademque</span> 
     </span>
     <span class='ocr_line' id='line_1_10' title="bbox 658 1380 3403 1472; baseline 0 -27"><span class='ocrx_word' id='word_1_68' title='bbox 658 1380 868 1445; x_wconf 88' lang='lat' dir='ltr'>lectio</span> <span class='ocrx_word' id='word_1_69' title='bbox 926 1386 1092 1443; x_wconf 88' lang='lat' dir='ltr'>ante</span> <span class='ocrx_word' id='word_1_70' title='bbox 1150 1380 1389 1443; x_wconf 92' lang='lat' dir='ltr'>oculos</span> <span class='ocrx_word' id='word_1_71' title='bbox 1437 1387 1726 1444; x_wconf 87' lang='lat' dir='ltr'>versata</span> <span class='ocrx_word' id='word_1_72' title='bbox 1773 1398 1924 1444; x_wconf 87' lang='lat' dir='ltr'>esse</span> <span class='ocrx_word' id='word_1_73' title='bbox 1973 1380 2303 1472; x_wconf 83' lang='lat' dir='ltr'>videatur</span> <span class='ocrx_word' id='word_1_74' title='bbox 2351 1381 2634 1465; x_wconf 86' lang='lat' dir='ltr'>(collegi</span> <span class='ocrx_word' id='word_1_75' title='bbox 2682 1400 2805 1446; x_wconf 85' lang='lat' dir='ltr'>eas</span> <span class='ocrx_word' id='word_1_76' title='bbox 2853 1382 2924 1444; x_wconf 93' lang='lat' dir='ltr'>in</span> <span class='ocrx_word' id='word_1_77' title='bbox 2974 1383 3403 1447; x_wconf 84' lang='lat' dir='ltr'>collationum</span> 
     </span>
    </p>
   </div>
   <div class='ocr_carea' id='block_1_5' title="bbox 660 1486 3404 1673">
    <p class='ocr_par' dir='ltr' id='par_1_5' title="bbox 660 1486 3404 1673">
     <span class='ocr_line' id='line_1_11' title="bbox 660 1486 3404 1571; baseline 0.001 -20"><span class='ocrx_word' id='word_1_78' title='bbox 660 1488 862 1551; x_wconf 87' lang='lat' dir='ltr'>huius</span> <span class='ocrx_word' id='word_1_79' title='bbox 911 1486 1163 1567; x_wconf 90' lang='lat' dir='ltr'>capitis</span> <span class='ocrx_word' id='word_1_80' title='bbox 1213 1486 1715 1568; x_wconf 85' lang='lat' dir='ltr'>compositione</span> <span class='ocrx_word' id='word_1_81' title='bbox 1772 1488 1900 1551; x_wconf 87' lang='lat' dir='ltr'>sub</span> <span class='ocrx_word' id='word_1_82' title='bbox 1958 1492 2128 1551; x_wconf 91' lang='lat' dir='ltr'>nota</span> <span class='ocrx_word' id='word_1_83' title='bbox 2184 1491 2247 1570; x_wconf 77' lang='grc' dir='ltr'>ὁ)</span> <span class='ocrx_word' id='word_1_84' title='bbox 2295 1493 2366 1551; x_wconf 90' lang='lat' dir='ltr'>et</span> <span class='ocrx_word' id='word_1_85' title='bbox 2423 1506 2868 1570; x_wconf 80' lang='lat' dir='ltr'>quaeramus,</span> <span class='ocrx_word' id='word_1_86' title='bbox 2938 1490 3272 1571; x_wconf 87' lang='lat' dir='ltr'>quidnam</span> <span class='ocrx_word' id='word_1_87' title='bbox 3327 1511 3404 1556; x_wconf 83' lang='lat' dir='ltr'>ex</span> 
     </span>
     <span class='ocr_line' id='line_1_12' title="bbox 660 1592 1636 1673; baseline -0.002 -16"><span class='ocrx_word' id='word_1_88' title='bbox 660 1594 766 1657; x_wconf 86' lang='lat' dir='ltr'>his</span> <span class='ocrx_word' id='word_1_89' title='bbox 814 1592 1233 1657; x_wconf 86' lang='lat' dir='ltr'>lectionibus</span> <span class='ocrx_word' id='word_1_90' title='bbox 1281 1596 1636 1673; x_wconf 88' lang='lat' dir='ltr'>sequatur.</span> 
     </span>
    </p>
   </div>
   <div class='ocr_carea' id='block_1_6' title="bbox 632 1734 3407 2122">
    <p class='ocr_par' dir='ltr' id='par_1_6' title="bbox 632 1734 3407 2122">
     <span class='ocr_line' id='line_1_13' title="bbox 833 1734 3406 1817; baseline 0.002 -18"><span class='ocrx_word' id='word_1_91' title='bbox 833 1736 940 1799; x_wconf 92' lang='lat' dir='ltr'>Ac</span> <span class='ocrx_word' id='word_1_92' title='bbox 983 1735 1283 1816; x_wconf 91' lang='lat' dir='ltr'>primum</span> <span class='ocrx_word' id='word_1_93' title='bbox 1328 1734 1610 1816; x_wconf 90' lang='lat' dir='ltr'>quidem</span> <span class='ocrx_word' id='word_1_94' title='bbox 1656 1734 1720 1797; x_wconf 94' lang='lat' dir='ltr'>H</span> <span class='ocrx_word' id='word_1_95' title='bbox 1767 1740 1839 1798; x_wconf 89' lang='lat' dir='ltr'>et</span> <span class='ocrx_word' id='word_1_96' title='bbox 1870 1735 1932 1798; x_wconf 90' lang='lat' dir='ltr'><strong>V</strong></span> <span class='ocrx_word' id='word_1_97' title='bbox 1971 1735 2207 1799; x_wconf 87' lang='lat' dir='ltr'>multis</span> <span class='ocrx_word' id='word_1_98' title='bbox 2248 1736 2422 1800; x_wconf 87' lang='lat' dir='ltr'>locis</span> <span class='ocrx_word' id='word_1_99' title='bbox 2471 1743 2869 1817; x_wconf 85' lang='lat' dir='ltr'>congruunt</span> <span class='ocrx_word' id='word_1_100' title='bbox 2917 1757 3079 1803; x_wconf 92' lang='lat' dir='ltr'>cum</span> <span class='ocrx_word' id='word_1_101' title='bbox 3126 1740 3406 1804; x_wconf 88' lang='lat' dir='ltr'>lectione</span> 
     </span>
     <span class='ocr_line' id='line_1_14' title="bbox 632 1841 3405 1927; baseline 0.001 -21"><span class='ocrx_word' id='word_1_102' title='bbox 632 1843 978 1923; x_wconf 79' lang='lat' dir='ltr'>vulgata,</span> <span class='ocrx_word' id='word_1_103' title='bbox 1050 1841 1331 1922; x_wconf 89' lang='lat' dir='ltr'>saepius</span> <span class='ocrx_word' id='word_1_104' title='bbox 1404 1845 1641 1905; x_wconf 91' lang='lat' dir='ltr'>autem</span> <span class='ocrx_word' id='word_1_105' title='bbox 1713 1842 1898 1905; x_wconf 88' lang='lat' dir='ltr'>inter</span> <span class='ocrx_word' id='word_1_106' title='bbox 1971 1861 2048 1906; x_wconf 87' lang='lat' dir='ltr'>se</span> <span class='ocrx_word' id='word_1_107' title='bbox 2118 1843 2189 1905; x_wconf 94' lang='lat' dir='ltr'>in</span> <span class='ocrx_word' id='word_1_108' title='bbox 2259 1843 2562 1908; x_wconf 90' lang='lat' dir='ltr'>lectione</span> <span class='ocrx_word' id='word_1_109' title='bbox 2635 1845 2878 1927; x_wconf 89' lang='lat' dir='ltr'>aliqua</span> <span class='ocrx_word' id='word_1_110' title='bbox 2957 1848 3405 1925; x_wconf 83' lang='lat' dir='ltr'>consentiunt,</span> 
     </span>
     <span class='ocr_line' id='line_1_15' title="bbox 655 1948 3407 2034; baseline 0.001 -21"><span class='ocrx_word' id='word_1_111' title='bbox 655 1968 840 2033; x_wconf 88' lang='lat' dir='ltr'>quae</span> <span class='ocrx_word' id='word_1_112' title='bbox 919 1967 964 2011; x_wconf 90' lang='lat' dir='ltr'>a</span> <span class='ocrx_word' id='word_1_113' title='bbox 1024 1950 1215 2011; x_wconf 91' lang='lat' dir='ltr'>nullo</span> <span class='ocrx_word' id='word_1_114' title='bbox 1288 1948 1531 2014; x_wconf 86' lang='lat' dir='ltr'>codice</span> <span class='ocrx_word' id='word_1_115' title='bbox 1595 1948 1993 2013; x_wconf 88' lang='lat' dir='ltr'>traditionis</span> <span class='ocrx_word' id='word_1_116' title='bbox 2064 1950 2405 2030; x_wconf 84' lang='lat' dir='ltr'>vulgatae</span> <span class='ocrx_word' id='word_1_117' title='bbox 2482 1951 2891 2034; x_wconf 77' lang='lat' dir='ltr'>exhibetur3</span> <span class='ocrx_word' id='word_1_118' title='bbox 2972 1953 3221 2018; x_wconf 86' lang='lat' dir='ltr'>videas</span> <span class='ocrx_word' id='word_1_119' title='bbox 3293 1954 3407 2017; x_wconf 88' lang='lat' dir='ltr'>hos</span> 
     </span>
     <span class='ocr_line' id='line_1_16' title="bbox 655 2060 885 2122; baseline 0 -1"><span class='ocrx_word' id='word_1_120' title='bbox 655 2060 885 2122; x_wconf 86' lang='lat' dir='ltr'>locos:</span> 
     </span>
    </p>
   </div>
   <div class='ocr_carea' id='block_1_7' title="bbox 3490 5 3501 3714">
    <p class='ocr_par' dir='ltr' id='par_1_7' title="bbox 3490 5 3501 3714">
     <span class='ocr_line' id='line_1_17' title="bbox 3490 5 3501 3714; baseline 0 0"><span class='ocrx_word' id='word_1_121' title='bbox 3490 5 3501 3714; x_wconf 95' lang='lat' dir='ltr'> </span> 
     </span>
    </p>
   </div>
   <div class='ocr_carea' id='block_1_8' title="bbox 922 2164 3066 3924">
    <p class='ocr_par' dir='ltr' id='par_1_8' title="bbox 922 2164 3066 3924">
     <span class='ocr_line' id='line_1_18' title="bbox 1235 2164 2698 2229; baseline 0.002 -3"><span class='ocrx_word' id='word_1_122' title='bbox 1235 2164 1299 2226; x_wconf 89' lang='lat' dir='ltr'>II</span> <span class='ocrx_word' id='word_1_123' title='bbox 1362 2170 1396 2226; x_wconf 90' lang='grc'>9</span> <span class='ocrx_word' id='word_1_124' title='bbox 1490 2169 1546 2226; x_wconf 93' lang='grc' dir='ltr'><strong><em>Η</em></strong></span> <span class='ocrx_word' id='word_1_125' title='bbox 1572 2169 1627 2226; x_wconf 88' lang='lat' dir='ltr'><strong>V</strong></span> <span class='ocrx_word' id='word_1_126' title='bbox 1671 2170 1798 2227; x_wconf 77' lang='lat' dir='ltr'>‘nisi</span> <span class='ocrx_word' id='word_1_127' title='bbox 1843 2170 1962 2227; x_wconf 78' lang='lat' dir='ltr'>sibi</span> <span class='ocrx_word' id='word_1_128' title='bbox 2274 2170 2339 2228; x_wconf 91' lang='lat' dir='ltr'>L.</span> <span class='ocrx_word' id='word_1_129' title='bbox 2371 2190 2424 2229; x_wconf 84' lang='lat' dir='ltr'>v.</span> <span class='ocrx_word' id='word_1_130' title='bbox 2471 2172 2598 2229; x_wconf 73' lang='lat' dir='ltr'>nisi</span> <span class='ocrx_word' id='word_1_131' title='bbox 2641 2172 2698 2229; x_wconf 78' lang='lat' dir='ltr'>si</span> 
     </span>
     <span class='ocr_line' id='line_1_19' title="bbox 1202 2269 2746 2336; baseline 0.002 -3"><span class='ocrx_word' id='word_1_132' title='bbox 1202 2269 1304 2333; x_wconf 94' lang='lat' dir='ltr'>III</span> <span class='ocrx_word' id='word_1_133' title='bbox 1322 2278 1351 2333; x_wconf 88' lang='lat'>1</span> <span class='ocrx_word' id='word_1_134' title='bbox 1362 2278 1398 2334; x_wconf 99' lang='lat'><strong>3</strong></span> <span class='ocrx_word' id='word_1_135' title='bbox 1669 2276 1960 2334; x_wconf 71' lang='lat' dir='ltr'>incolatur</span> <span class='ocrx_word' id='word_1_136' title='bbox 2467 2278 2746 2336; x_wconf 75' lang='lat' dir='ltr'>incolitur</span> 
     </span>
     <span class='ocr_line' id='line_1_20' title="bbox 1207 2376 2663 2460; baseline 0.003 -22"><span class='ocrx_word' id='word_1_137' title='bbox 1207 2376 1305 2439; x_wconf 89' lang='lat' dir='ltr'><strong>VI</strong></span> <span class='ocrx_word' id='word_1_138' title='bbox 1320 2384 1353 2439; x_wconf 82' lang='lat'><strong>2</strong></span> <span class='ocrx_word' id='word_1_139' title='bbox 1366 2383 1395 2439; x_wconf 90' lang='lat'>1</span> <span class='ocrx_word' id='word_1_140' title='bbox 1660 2383 1936 2458; x_wconf 58' lang='lat' dir='ltr'>primum</span> <span class='ocrx_word' id='word_1_141' title='bbox 2459 2385 2663 2460; x_wconf 75' lang='lat' dir='ltr'>primo</span> 
     </span>
     <span class='ocr_line' id='line_1_21' title="bbox 1165 2483 2713 2568; baseline 0.004 -23"><span class='ocrx_word' id='word_1_142' title='bbox 1165 2483 1304 2546; x_wconf 88' lang='lat' dir='ltr'>XII</span> <span class='ocrx_word' id='word_1_143' title='bbox 1361 2491 1396 2547; x_wconf 88' lang='grc'>5</span> <span class='ocrx_word' id='word_1_144' title='bbox 1667 2489 1913 2565; x_wconf 62' lang='lat' dir='ltr'>insuper</span> <span class='ocrx_word' id='word_1_145' title='bbox 1955 2495 2010 2548; x_wconf 79' lang='lat' dir='ltr'>et</span> <span class='ocrx_word' id='word_1_146' title='bbox 2466 2492 2713 2568; x_wconf 77' lang='lat' dir='ltr'>insuper</span> 
     </span>
     <span class='ocr_line' id='line_1_22' title="bbox 1171 2589 2806 2674; baseline 0.003 -22"><span class='ocrx_word' id='word_1_147' title='bbox 1171 2589 1301 2652; x_wconf 89' lang='lat' dir='ltr'>XV</span> <span class='ocrx_word' id='word_1_148' title='bbox 1318 2596 1348 2653; x_wconf 87' lang='lat'>1</span> <span class='ocrx_word' id='word_1_149' title='bbox 1361 2596 1396 2652; x_wconf 92' lang='grc'>2</span> <span class='ocrx_word' id='word_1_150' title='bbox 1667 2596 1924 2670; x_wconf 73' lang='lat' dir='ltr'>sinqulis</span> <span class='ocrx_word' id='word_1_151' title='bbox 2469 2617 2507 2656; x_wconf 84' lang='lat' dir='ltr'>a</span> <span class='ocrx_word' id='word_1_152' title='bbox 2550 2600 2806 2674; x_wconf 75' lang='lat' dir='ltr'>sinyulis</span> 
     </span>
     <span class='ocr_line' id='line_1_23' title="bbox 1065 2696 2651 2781; baseline 0.003 -22"><span class='ocrx_word' id='word_1_153' title='bbox 1065 2696 1302 2759; x_wconf 85' lang='lat' dir='ltr'><strong>XXIV</strong></span> <span class='ocrx_word' id='word_1_154' title='bbox 1320 2704 1349 2760; x_wconf 90' lang='lat'>1</span> <span class='ocrx_word' id='word_1_155' title='bbox 1362 2703 1396 2759; x_wconf 86' lang='lat'><strong>2</strong></span> <span class='ocrx_word' id='word_1_156' title='bbox 1657 2721 1849 2778; x_wconf 81' lang='lat' dir='ltr'>parva</span> <span class='ocrx_word' id='word_1_157' title='bbox 2457 2725 2651 2781; x_wconf 78' lang='lat' dir='ltr'>prava</span> 
     </span>
     <span class='ocr_line' id='line_1_24' title="bbox 1100 2804 2546 2880; baseline 0.003 -13"><span class='ocrx_word' id='word_1_158' title='bbox 1100 2804 1303 2868; x_wconf 90' lang='lat' dir='ltr'>XXV</span> <span class='ocrx_word' id='word_1_159' title='bbox 1318 2812 1348 2867; x_wconf 88' lang='lat'>1</span> <span class='ocrx_word' id='word_1_160' title='bbox 1364 2812 1393 2867; x_wconf 88' lang='lat'>1</span> <span class='ocrx_word' id='word_1_161' title='bbox 1590 2831 1603 2880; x_wconf 85' lang='lat'>‘.</span> <span class='ocrx_word' id='word_1_162' title='bbox 1668 2810 1764 2868; x_wconf 71' lang='lat' dir='ltr'>his</span> <span class='ocrx_word' id='word_1_163' title='bbox 2466 2814 2546 2872; x_wconf 71' lang='lat' dir='ltr'>iis</span> 
     </span>
     <span class='ocr_line' id='line_1_25' title="bbox 1318 2917 2788 2996; baseline 0.004 -23"><span class='ocrx_word' id='word_1_164' title='bbox 1318 2917 1393 2974; x_wconf 91' lang='grc'>12</span> <span class='ocrx_word' id='word_1_165' title='bbox 1663 2922 1912 2993; x_wconf 73' lang='lat' dir='ltr'>reynant</span> <span class='ocrx_word' id='word_1_166' title='bbox 2464 2927 2788 2996; x_wconf 61' lang='lat' dir='ltr'>regnantur</span> 
     </span>
     <span class='ocr_line' id='line_1_26' title="bbox 1089 3017 2662 3085; baseline 0.003 -4"><span class='ocrx_word' id='word_1_167' title='bbox 1089 3017 1300 3082; x_wconf 92' lang='lat' dir='ltr'>XXX</span> <span class='ocrx_word' id='word_1_168' title='bbox 1361 3026 1392 3082; x_wconf 83' lang='lat'><strong>7</strong></span> <span class='ocrx_word' id='word_1_169' title='bbox 1666 3025 1891 3083; x_wconf 75' lang='lat' dir='ltr'>animis</span> <span class='ocrx_word' id='word_1_170' title='bbox 2467 3028 2662 3085; x_wconf 76' lang='lat' dir='ltr'>animi</span> 
     </span>
     <span class='ocr_line' id='line_1_27' title="bbox 1780 3143 1809 3180; baseline 0 0"><span class='ocrx_word' id='word_1_171' title='bbox 1780 3143 1809 3180; x_wconf 82' lang='lat' dir='ltr'>e</span> 
     </span>
     <span class='ocr_line' id='line_1_28' title="bbox 1054 3195 2646 3264; baseline 0.004 -6"><span class='ocrx_word' id='word_1_172' title='bbox 1054 3195 1299 3259; x_wconf 84' lang='lat' dir='ltr'><strong>XXXI</strong></span> <span class='ocrx_word' id='word_1_173' title='bbox 1316 3205 1345 3260; x_wconf 87' lang='lat'>1</span> <span class='ocrx_word' id='word_1_174' title='bbox 1357 3204 1392 3260; x_wconf 88' lang='grc'>8</span> <span class='ocrx_word' id='word_1_175' title='bbox 1663 3203 1815 3260; x_wconf 76' lang='lat' dir='ltr'>dura</span> <span class='ocrx_word' id='word_1_176' title='bbox 2464 3206 2646 3264; x_wconf 76' lang='lat' dir='ltr'>durae</span> 
     </span>
     <span class='ocr_line' id='line_1_29' title="bbox 983 3302 2921 3390; baseline 0.004 -25"><span class='ocrx_word' id='word_1_177' title='bbox 983 3302 1298 3366; x_wconf 90' lang='lat' dir='ltr'><strong>XXXIII</strong></span> <span class='ocrx_word' id='word_1_178' title='bbox 1315 3310 1392 3367; x_wconf 88' lang='lat'>10</span> <span class='ocrx_word' id='word_1_179' title='bbox 1662 3310 1731 3367; x_wconf 72' lang='lat' dir='ltr'>in</span> <span class='ocrx_word' id='word_1_180' title='bbox 1773 3310 2041 3384; x_wconf 61' lang='lat' dir='ltr'>{lentibus</span> <span class='ocrx_word' id='word_1_181' title='bbox 2088 3311 2194 3389; x_wconf 83' lang='lat' dir='ltr'>(ita</span> <span class='ocrx_word' id='word_1_182' title='bbox 2235 3311 2332 3390; x_wconf 73' lang='lat'>02)</span> <span class='ocrx_word' id='word_1_183' title='bbox 2466 3314 2536 3371; x_wconf 74' lang='lat' dir='ltr'>in</span> <span class='ocrx_word' id='word_1_184' title='bbox 2579 3315 2921 3388; x_wconf 64' lang='lat' dir='ltr'>umentibus</span> 
     </span>
     <span class='ocr_line' id='line_1_30' title="bbox 956 3409 2957 3497; baseline 0.003 -25"><span class='ocrx_word' id='word_1_185' title='bbox 956 3409 1301 3474; x_wconf 91' lang='lat' dir='ltr'><strong>XXXVII</strong></span> <span class='ocrx_word' id='word_1_186' title='bbox 1316 3418 1394 3475; x_wconf 92' lang='grc'>16</span> <span class='ocrx_word' id='word_1_187' title='bbox 1665 3421 1717 3474; x_wconf 79' lang='lat' dir='ltr'>et</span> <span class='ocrx_word' id='word_1_188' title='bbox 1760 3417 1886 3492; x_wconf 76' lang='lat' dir='ltr'>ipse</span> <span class='ocrx_word' id='word_1_189' title='bbox 2464 3426 2515 3478; x_wconf 76' lang='lat' dir='ltr'>et</span> <span class='ocrx_word' id='word_1_190' title='bbox 2559 3421 2688 3495; x_wconf 75' lang='lat' dir='ltr'>ipso</span> <span class='ocrx_word' id='word_1_191' title='bbox 2735 3427 2786 3478; x_wconf 81' lang='lat' dir='ltr'>et</span> <span class='ocrx_word' id='word_1_192' title='bbox 2830 3422 2957 3497; x_wconf 71' lang='lat' dir='ltr'>ipse</span> 
     </span>
     <span class='ocr_line' id='line_1_31' title="bbox 1316 3524 3066 3605; baseline 0.004 -25"><span class='ocrx_word' id='word_1_193' title='bbox 1316 3524 1395 3581; x_wconf 85' lang='grc'>28</span> <span class='ocrx_word' id='word_1_194' title='bbox 1663 3524 2053 3599; x_wconf 69' lang='lat' dir='ltr'>mrsuspubsi</span> <span class='ocrx_word' id='word_1_195' title='bbox 2065 3544 2210 3584; x_wconf 74' lang='lat' dir='ltr'>nam</span> <span class='ocrx_word' id='word_1_196' title='bbox 2225 3525 2328 3602; x_wconf 85' lang='lat' dir='ltr'>(ita</span> <span class='ocrx_word' id='word_1_197' title='bbox 2343 3526 2409 3600; x_wconf 81' lang='lat' dir='ltr'>O)</span> <span class='ocrx_word' id='word_1_198' title='bbox 2462 3545 2676 3585; x_wconf 78' lang='lat' dir='ltr'>rursus</span> <span class='ocrx_word' id='word_1_199' title='bbox 2721 3528 2858 3586; x_wconf 75' lang='lat' dir='ltr'>inde</span> <span class='ocrx_word' id='word_1_200' title='bbox 2893 3528 3066 3605; x_wconf 76' lang='lat' dir='ltr'>pulsi</span> 
     </span>
     <span class='ocr_line' id='line_1_32' title="bbox 922 3622 2631 3710; baseline 0.004 -24"><span class='ocrx_word' id='word_1_201' title='bbox 922 3622 1302 3687; x_wconf 90' lang='lat' dir='ltr'><strong>XXXVIII</strong></span> <span class='ocrx_word' id='word_1_202' title='bbox 1362 3632 1397 3689; x_wconf 88' lang='grc'>9</span> <span class='ocrx_word' id='word_1_203' title='bbox 1667 3631 1905 3707; x_wconf 75' lang='lat' dir='ltr'>saepius</span> <span class='ocrx_word' id='word_1_204' title='bbox 2465 3654 2631 3710; x_wconf 76' lang='lat' dir='ltr'>saepe</span> 
     </span>
     <span class='ocr_line' id='line_1_33' title="bbox 1111 3731 2876 3802; baseline 0.005 -9"><span class='ocrx_word' id='word_1_205' title='bbox 1111 3731 1304 3794; x_wconf 90' lang='lat' dir='ltr'>XLV</span> <span class='ocrx_word' id='word_1_206' title='bbox 1360 3739 1395 3794; x_wconf 90' lang='lat'><strong>3</strong></span> <span class='ocrx_word' id='word_1_207' title='bbox 1667 3743 1799 3796; x_wconf 79' lang='lat' dir='ltr'>ortu</span> <span class='ocrx_word' id='word_1_208' title='bbox 1847 3757 1908 3795; x_wconf 75' lang='lat' dir='ltr'>se</span> <span class='ocrx_word' id='word_1_209' title='bbox 1953 3738 2127 3797; x_wconf 78' lang='lat' dir='ltr'>durat</span> <span class='ocrx_word' id='word_1_210' title='bbox 2464 3747 2627 3800; x_wconf 76' lang='lat' dir='ltr'>ortus</span> <span class='ocrx_word' id='word_1_211' title='bbox 2673 3743 2876 3802; x_wconf 76' lang='lat' dir='ltr'>edurat</span> 
     </span>
     <span class='ocr_line' id='line_1_34' title="bbox 1076 3838 2710 3924; baseline 0.006 -25"><span class='ocrx_word' id='word_1_212' title='bbox 1076 3838 1303 3900; x_wconf 89' lang='lat' dir='ltr'><strong>XLVI</strong></span> <span class='ocrx_word' id='word_1_213' title='bbox 1360 3845 1396 3901; x_wconf 90' lang='lat'><strong>3</strong></span> <span class='ocrx_word' id='word_1_214' title='bbox 1668 3845 1902 3920; x_wconf 79' lang='lat' dir='ltr'>quidem</span> <span class='ocrx_word' id='word_1_215' title='bbox 2401 3891 2408 3900; x_wconf 76' lang='grc'>.</span> <span class='ocrx_word' id='word_1_216' title='bbox 2467 3849 2710 3924; x_wconf 76' lang='lat' dir='ltr'>quidam</span> 
     </span>
    </p>
   </div>
   <div class='ocr_carea' id='block_1_9' title="bbox 652 4050 3496 4345">
    <p class='ocr_par' dir='ltr' id='par_1_9' title="bbox 652 4050 3496 4345">
     <span class='ocr_line' id='line_1_35' title="bbox 830 4050 3416 4146; baseline 0.006 -32"><span class='ocrx_word' id='word_1_217' title='bbox 830 4050 1104 4114; x_wconf 91' lang='lat' dir='ltr'>Deinde</span> <span class='ocrx_word' id='word_1_218' title='bbox 1153 4069 1279 4114; x_wconf 87' lang='lat' dir='ltr'>sex</span> <span class='ocrx_word' id='word_1_219' title='bbox 1325 4052 1498 4116; x_wconf 89' lang='lat' dir='ltr'>locis</span> <span class='ocrx_word' id='word_1_220' title='bbox 1545 4057 1840 4135; x_wconf 86' lang='lat' dir='ltr'>uterque</span> <span class='ocrx_word' id='word_1_221' title='bbox 1884 4055 2110 4119; x_wconf 89' lang='lat' dir='ltr'>codex</span> <span class='ocrx_word' id='word_1_222' title='bbox 2153 4062 2522 4139; x_wconf 86' lang='lat' dir='ltr'>corruptus</span> <span class='ocrx_word' id='word_1_223' title='bbox 2565 4062 2690 4138; x_wconf 83' lang='lat' dir='ltr'>est,</span> <span class='ocrx_word' id='word_1_224' title='bbox 2737 4063 2950 4141; x_wconf 91' lang='lat' dir='ltr'>atque</span> <span class='ocrx_word' id='word_1_225' title='bbox 2983 4061 3086 4126; x_wconf 90' lang='lat' dir='ltr'>ita</span> <span class='ocrx_word' id='word_1_226' title='bbox 3120 4064 3416 4146; x_wconf 85' lang='lat' dir='ltr'>quidem⁷</span> 
     </span>
     <span class='ocr_line' id='line_1_36' title="bbox 654 4158 3496 4260; baseline 0.005 -38"><span class='ocrx_word' id='word_1_227' title='bbox 654 4163 730 4222; x_wconf 91' lang='lat' dir='ltr'>ut</span> <span class='ocrx_word' id='word_1_228' title='bbox 790 4158 980 4222; x_wconf 88' lang='lat' dir='ltr'>hanc</span> <span class='ocrx_word' id='word_1_229' title='bbox 1036 4160 1513 4239; x_wconf 84' lang='lat' dir='ltr'>corruptelam</span> <span class='ocrx_word' id='word_1_230' title='bbox 1574 4179 1663 4224; x_wconf 84' lang='lat' dir='ltr'>ex</span> <span class='ocrx_word' id='word_1_231' title='bbox 1720 4162 2111 4244; x_wconf 87' lang='lat' dir='ltr'>archetypo</span> <span class='ocrx_word' id='word_1_232' title='bbox 2167 4162 2319 4245; x_wconf 88' lang='lat' dir='ltr'>ipso</span> <span class='ocrx_word' id='word_1_233' title='bbox 2376 4165 2770 4245; x_wconf 88' lang='lat' dir='ltr'>profectam</span> <span class='ocrx_word' id='word_1_234' title='bbox 2837 4185 2993 4232; x_wconf 88' lang='lat' dir='ltr'>esse</span> <span class='ocrx_word' id='word_1_235' title='bbox 3054 4169 3271 4234; x_wconf 86' lang='lat' dir='ltr'>facile</span> <span class='ocrx_word' id='word_1_236' title='bbox 3329 4171 3416 4233; x_wconf 91' lang='lat' dir='ltr'>in-</span> <span class='ocrx_word' id='word_1_237' title='bbox 3495 4189 3496 4260; x_wconf 62' lang='lat'>1</span> 
     </span>
     <span class='ocr_line' id='line_1_37' title="bbox 652 4266 3496 4345; baseline -0 -16"><span class='ocrx_word' id='word_1_238' title='bbox 652 4266 979 4345; x_wconf 84' lang='lat' dir='ltr'>tellegas:</span> <span class='ocrx_word' id='word_1_239' title='bbox 3495 4289 3496 4294; x_wconf 43' lang='lat'>¹</span> 
     </span>
    </p>
   </div>
   <div class='ocr_carea' id='block_1_10' title="bbox 1195 4375 2744 4462">
    <p class='ocr_par' dir='ltr' id='par_1_10' title="bbox 1195 4375 2744 4462">
     <span class='ocr_line' id='line_1_38' title="bbox 1195 4375 2744 4462; baseline 0.005 -25"><span class='ocrx_word' id='word_1_240' title='bbox 1195 4375 1391 4440; x_wconf 85' lang='lat'>11115</span> <span class='ocrx_word' id='word_1_241' title='bbox 1486 4383 1542 4440; x_wconf 94' lang='lat' dir='ltr'><strong>H</strong></span> <span class='ocrx_word' id='word_1_242' title='bbox 1564 4382 1618 4438; x_wconf 87' lang='lat' dir='ltr'><strong>V</strong></span> <span class='ocrx_word' id='word_1_243' title='bbox 1661 4388 1884 4458; x_wconf 75' lang='lat' dir='ltr'>reperta</span> <span class='ocrx_word' id='word_1_244' title='bbox 1928 4383 2030 4460; x_wconf 84' lang='lat' dir='ltr'>(ita</span> <span class='ocrx_word' id='word_1_245' title='bbox 2071 4384 2138 4461; x_wconf 82' lang='lat' dir='ltr'>O)</span> <span class='ocrx_word' id='word_1_246' title='bbox 2267 4385 2333 4443; x_wconf 92' lang='lat' dir='ltr'>L.</span> <span class='ocrx_word' id='word_1_247' title='bbox 2361 4404 2413 4444; x_wconf 81' lang='lat' dir='ltr'>v.</span> <span class='ocrx_word' id='word_1_248' title='bbox 2458 4392 2744 4462; x_wconf 77' lang='lat' dir='ltr'>repertam</span> 
     </span>
    </p>
   </div>
   <div class='ocr_carea' id='block_1_11' title="bbox 915 4482 2897 4895">
    <p class='ocr_par' dir='ltr' id='par_1_11' title="bbox 915 4482 2897 4895">
     <span class='ocr_line' id='line_1_39' title="bbox 1131 4482 2805 4569; baseline 0.005 -24"><span class='ocrx_word' id='word_1_249' title='bbox 1131 4482 1299 4545; x_wconf 93' lang='lat' dir='ltr'><strong>XIV</strong></span> <span class='ocrx_word' id='word_1_250' title='bbox 1357 4491 1393 4547; x_wconf 87' lang='lat'><strong>3</strong></span> <span class='ocrx_word' id='word_1_251' title='bbox 1663 4490 1956 4565; x_wconf 74' lang='lat' dir='ltr'>infamem</span> <span class='ocrx_word' id='word_1_252' title='bbox 2463 4494 2692 4569; x_wconf 76' lang='lat' dir='ltr'>infame</span> <span class='ocrx_word' id='word_1_253' title='bbox 2735 4497 2805 4555; x_wconf 77' lang='lat' dir='ltr'>in</span> 
     </span>
     <span class='ocr_line' id='line_1_40' title="bbox 1121 4590 2694 4662; baseline 0.006 -10"><span class='ocrx_word' id='word_1_254' title='bbox 1121 4590 1294 4653; x_wconf 91' lang='lat' dir='ltr'><strong>XXI</strong></span> <span class='ocrx_word' id='word_1_255' title='bbox 1313 4599 1390 4654; x_wconf 88' lang='grc'>14</span> <span class='ocrx_word' id='word_1_256' title='bbox 1660 4598 1870 4655; x_wconf 74' lang='lat' dir='ltr'>abeunt</span> <span class='ocrx_word' id='word_1_257' title='bbox 2459 4603 2694 4662; x_wconf 75' lang='lat' dir='ltr'>abeunti</span> 
     </span>
     <span class='ocr_line' id='line_1_41' title="bbox 915 4694 2671 4777; baseline 0.007 -22"><span class='ocrx_word' id='word_1_258' title='bbox 915 4694 1295 4758; x_wconf 90' lang='lat' dir='ltr'><strong>XXXVIII</strong></span> <span class='ocrx_word' id='word_1_259' title='bbox 1356 4705 1390 4760; x_wconf 83' lang='lat'>9</span> <span class='ocrx_word' id='word_1_260' title='bbox 1661 4723 1881 4777; x_wconf 73' lang='lat' dir='ltr'>eorum,</span> <span class='ocrx_word' id='word_1_261' title='bbox 1929 4725 2128 4763; x_wconf 77' lang='lat' dir='ltr'>rerum</span> <span class='ocrx_word' id='word_1_262' title='bbox 2461 4729 2671 4768; x_wconf 80' lang='lat' dir='ltr'>rarum</span> 
     </span>
     <span class='ocr_line' id='line_1_42' title="bbox 1060 4802 2897 4895; baseline 0.008 -31"><span class='ocrx_word' id='word_1_263' title='bbox 1060 4802 1295 4866; x_wconf 88' lang='lat' dir='ltr'><strong>XLIII</strong></span> <span class='ocrx_word' id='word_1_264' title='bbox 1353 4811 1387 4867; x_wconf 91' lang='grc'>2</span> <span class='ocrx_word' id='word_1_265' title='bbox 1660 4812 2099 4888; x_wconf 64' lang='lat' dir='ltr'>quantorumque</span> <span class='ocrx_word' id='word_1_266' title='bbox 2144 4814 2308 4873; x_wconf 80' lang='lat' dir='ltr'>omis,</span> <span class='ocrx_word' id='word_1_267' title='bbox 2457 4818 2897 4895; x_wconf 78' lang='lat' dir='ltr'>quadorumque</span> 
     </span>
    </p>
   </div>
   <div class='ocr_carea' id='block_1_12' title="bbox 1354 4919 2729 5001">
    <p class='ocr_par' dir='ltr' id='par_1_12' title="bbox 1354 4919 2729 5001">
     <span class='ocr_line' id='line_1_43' title="bbox 1354 4919 2729 5001; baseline 0.006 -26"><span class='ocrx_word' id='word_1_268' title='bbox 1354 4919 1390 4975; x_wconf 83' lang='lat'>3</span> <span class='ocrx_word' id='word_1_269' title='bbox 1661 4919 1820 4977; x_wconf 77' lang='lat' dir='ltr'>cultu</span> <span class='ocrx_word' id='word_1_270' title='bbox 2458 4924 2729 5001; x_wconf 75' lang='lat' dir='ltr'>cultuque</span> 
     </span>
    </p>
   </div>
  </div>
 </body>
</html>
