3509 5600
1280 645 1474 702 Editio
2592 683 2606 705 η

763 680 901 755 Gap‘
1151 733 1576 792 Muellenhoffii
1935 680 1974 738 S
2222 622 2228 834 l
2570 682 2635 759 δε
3164 683 3222 740 Η

706 880 878 934 XXX
925 883 989 930 14
1267 895 1441 953 quem
1934 877 1974 953 q
2450 878 2553 954 qtn
2599 879 2638 937 i.
2671 898 2749 936 m.
2986 880 3138 961 (⁹13H
3157 897 3326 955 quem
3342 899 3398 938 m

925 974 986 1022 17
1326 967 1387 1023 id
1917 967 1983 1023 ul
2406 968 2465 1024 id
2497 987 2638 1026 corr.
2660 969 2793 1026 alm.
3165 993 3230 1000 —

924 1063 987 1110 19
1110 1056 1469 1114 constantiae
1516 1060 1610 1114 est
1730 1056 2063 1114 constancie
2338 1062 2429 1115 est
2469 1064 2528 1114 et
2573 1076 2861 1132 suprascr.
3166 1084 3230 1090 —

1795 1145 2128 1203 RASURA

733 1237 936 1291 XXXI
958 1240 988 1288 2
1215 1234 1488 1292 audentia
1798 1234 2104 1292 audiencia
2317 1235 2389 1293 al.
2422 1235 2704 1294 audencia
2748 1235 2883 1293 alm.
3167 1261 3232 1268 -

959 1331 988 1378 9
1081 1324 1336 1381 ferreum
1381 1324 1622 1398 insuper
1714 1324 1910 1381 ferrefi
1956 1323 2179 1380 annulfi
2334 1324 2508 1399 insup
2557 1325 2684 1382 add.
2719 1325 2757 1382 i.
2791 1344 2869 1382 m.
3168 1350 3233 1357 -

1232 1413 1477 1470 anulum

927 1490 990 1537 10
1262 1507 1454 1576 gestat
1832 1506 2071 1576 gestant
2420 1507 2613 1577 gestat
2655 1522 2796 1561 corr.

927 1581 990 1628 ¹7
1208 1609 1497 1667 quemque
1877 1603 2035 1671 qnqg
2384 1610 2639 1673 quemqg
2687 1611 2828 1650 corr.
3168 1618 3234 1626 —

926 1669 989 1716 ¹8
1217 1680 1503 1755 exanguis
1710 1722 1715 1726 -
1834 1680 2076 1754 exaguis
2383 1681 2633 1755 exagiiis
2680 1700 2823 1738 corr.
3169 1707 3234 1714 —

687 1754 920 1808 XXXII
963 1759 985 1805 1
1240 1775 1468 1828 certum
1857 1770 2040 1827 crime
2407 1772 2576 1828 certfi
2621 1789 2762 1828 corr.
3169 1796 3234 1803 -

958 1847 988 1894 2
1220 1858 1487 1917 Tencteri
1831 1858 2073 1916 tencteri
2382 1859 2650 1917 tenctteri
2695 1878 2836 1918 corr.
3170 1885 3235 1892 -

2322 1948 2568 2006 tencteri
2614 1967 2902 2023 suprascr.

958 2027 990 2073 4
1186 2037 1528 2112 disciplinae
1790 2036 2117 2111 discipulus
2335 2036 2686 2112 discipuline
2729 2056 2873 2095 corr.
3170 2062 3235 2069 —

960 2116 989 2162 6
1328 2127 1389 2183 hi
1913 2126 2009 2183 hic
2387 2126 2466 2201 hij
2517 2145 2807 2201 suprascr.
3169 2151 3237 2159 -

962 2205 990 2252 ⁷
1285 2216 1427 2274 haec
1915 2214 2011 2272 hic
2456 2216 2566 2273 hoc
2612 2235 2752 2274 corr.
3171 2241 3235 2248 -

659 2289 920 2343 XXXIII
962 2294 991 2341 2
1198 2304 1526 2363 Chamavos
1796 2305 2113 2361 chamanos
2244 2305 2560 2362 chamavos
2581 2306 2641 2380 (v
2655 2304 2968 2385 suprascr.)
3042 2305 3362 2363 chamavos

1896 2424 1954 2462 ΓΒ

1165 2482 1543 2556 Angrivarios
1785 2443 2116 2557 auginlarios
2416 2483 2777 2557 angrivarios
3025 2477 3390 2557 angrivarios

2356 2572 2416 2647 (n
2449 2591 2485 2627 v
2530 2571 2843 2647 suprascr.)

960 2668 987 2715 7
1218 2660 1496 2718 Romanis
1843 2660 2067 2717 roboris
2395 2661 2609 2718 romais
2655 2680 2796 2718 corr.
3169 2685 3236 2693 —

926 2756 989 2804 10
1327 2755 1386 2808 at
1919 2768 1987 2808 ac
2486 2755 2547 2808 at
2590 2768 2731 2808 corr.
3166 2754 3229 2808 at

927 2846 984 2892 11
1284 2839 1433 2896 nihil
1853 2839 2054 2897 michi]
2419 2840 2601 2897 nichil
2646 2859 2787 2897 corr.
3170 2864 3236 2872 —

674 2930 930 2985 XXXIV
963 2936 983 2982 1
1193 2928 1519 2986 Chamavos
1795 2929 2112 2986 chamanos
2231 2930 2543 2986 chamavos
2588 2929 2647 3004 (v
2671 2928 2975 3006 superscr.)
3170 2953 3236 2961 -

1203 3018 1525 3092 Dulgubnii
1688 3018 1975 3092 dulgibini
1996 3017 2215 3076 cubrini
2350 3017 2668 3076 dulcubimi
2716 3037 2858 3076 corr.
3048 3016 3363 3076 dulcubini

926 3109 990 3160 *2
1236 3107 1482 3164 cludunt
1826 3107 2070 3164 claudfit
2404 3107 2614 3165 cludfit
2658 3126 2799 3164 corr.
3170 3131 3237 3138 --

961 3203 990 3250 6
1196 3196 1513 3254 immensos
1822 3197 2085 3254 inmenso
2364 3196 2655 3254 inmensos
2702 3215 2844 3254 corr.
3179 3220 3237 3228 -

963 3292 991 3339 7
1175 3286 1317 3361 (111111
1363 3285 1541 3343 etiam
1881 3290 2043 3365 qiiqg
2375 3288 2483 3361 qui
2528 3285 2646 3343 etia
2690 3285 2729 3343 τ’.
2755 3304 2833 3343 m.
3170 3309 3236 3317 -

930 3380 994 3427 10
1198 3374 1527 3432 claritatem
1823 3375 2084 3432 claritate
2275 3448 2279 3452 .
2335 3373 2679 3432 claritatem
2723 3393 2865 3432 corr.
3169 3398 3236 3406 -

679 3464 934 3519 XXXVI
964 3469 995 3516 3
1309 3464 1420 3521 fuit
1884 3463 2022 3521 facit
2458 3463 2569 3520 fuit
2613 3482 2755 3521 corr.
3170 3487 3237 3495 -

962 3559 995 3606 4
1220 3553 1485 3628 quiescas
1793 3552 2119 3627 corq'escas
2398 3552 2624 3627 q’escas
2669 3571 2810 3610 corr.
3170 3576 3238 3583 -

1192 3642 1532 3715 ubi-agitur
1777 3642 2133 3716 nisi-agatur
2276 3641 2618 3716 ubi-agitur
2653 3660 2941 3716 suprascr.
3171 3665 3238 3673 -

929 3733 994 3784 *5
1200 3731 1517 3806 superioris
1799 3730 2115 3807 superioris
2280 3731 2606 3805 superiores
2645 3749 2933 3805 suprascr.
3172 3753 3237 3762 -

964 3826 994 3873 8
1258 3820 1451 3878 Tracti
1886 3820 2028 3877 tacti
2426 3819 2596 3876 tracti
2642 3838 2783 3877 corr.
3111 3818 3291 3876 tracti

929 3911 994 3963 *9
1058 3910 1437 3967 adversarum
1468 3928 1662 3967 rerum
1753 3908 2156 3966 adversariorfi
2263 3908 2578 3966 adversarii
2618 3910 2754 3965 reru
2799 3926 2941 3965 corr.
3173 3932 3238 3939 -

1203 4017 1278 4056 ex
1324 4017 1509 4073 aequo
1836 4003 1897 4055 et
1942 3997 2076 4073 equi
2308 3997 2383 4055 al.
2432 4015 2508 4054 ex
2554 4015 2705 4073 equo
2731 3997 2791 4055 η’..
2826 4016 2904 4054 m.
3172 4020 3239 4028 -

932 4093 996 4141 10
1226 4088 1499 4145 secundis
1851 4086 2090 4144 seculis·
2401 4086 2637 4144 secudis
2682 4105 2823 4144 corr.
3173 4110 3239 4117 -

644 4179 929 4234 XXXVII
966 4182 995 4229 9
1056 4195 1133 4235 ex
1149 4195 1262 4252 quo
1280 4177 1326 4234 si
1343 4177 1416 4233 ad
1434 4177 1682 4234 alterum
1744 4195 1820 4235 ex
1839 4194 1954 4252 quo
1974 4175 2165 4232 alterii
2438 4175 2487 4232 si
2533 4175 2609 4232 ad
2655 4175 2783 4232 add.
3173 4198 3239 4206 —

932 4272 996 4320 10
1178 4265 1548 4324 consulatum
1795 4264 2115 4323 constituti}
2352 4264 2660 4322 consulatu
2705 4283 2847 4321 corr.
3173 4287 3238 4294 -

1270 4356 1453 4412 ferme
1856 4354 2060 4411 ferime
2333 4354 2519 4411 ferme
2551 4372 2691 4411 corr.
2740 4352 2779 4410 i.
2812 4371 2890 4410 m.
3173 4376 3239 4383 “-

901 4493 904 4496 Α
933 4451 995 4498 16
1277 4462 1451 4519 quam
1901 4447 2017 4517 qua
2400 4442 2481 4522 (ῖς
2528 4460 2816 4517 suprascr.
3173 4464 3239 4472 -·

934 4541 997 4588 18
1333 4537 1394 4589 at
1930 4535 1989 4589 et
2414 4536 2475 4589 at
2513 4549 2803 4605 suprascr.
3173 4553 3240 4562 —

935 4628 997 4676 19
1204 4620 1517 4697 Gnaeoque
1824 4620 2019 4678 Marco
2042 4649 2089 4692 n
2400 4638 2477 4699 qg
2516 4638 2802 4694 suprascr.
3052 4636 3377 4695 marcoque

931 4717 997 4765 20
1198 4711 1526 4769 consularis
1885 4726 2027 4767 cons
2415 4708 2595 4766 ularis
2641 4708 2768 4765 add.
3054 4706 3395 4772 consularis

930 4806 996 4854 22
1306 4817 1416 4857 nec
1919 4815 1994 4855 ne
2458 4815 2569 4855 nec
2613 4816 2754 4855 corr.
3173 4820 3240 4830 -
