<?xml version="1.0" encoding="UTF-8"?>
<!DOCTYPE html PUBLIC "-//W3C//DTD XHTML 1.0 Transitional//EN"
    "http://www.w3.org/TR/xhtml1/DTD/xhtml1-transitional.dtd">
<html xmlns="http://www.w3.org/1999/xhtml" xml:lang="en" lang="en">
 <head>
  <title>
</title>
<meta http-equiv="Content-Type" content="text/html;charset=utf-8" />
  <meta name='ocr-system' content='tesseract 3.04.00' />
  <meta name='ocr-capabilities' content='ocr_page ocr_carea ocr_par ocr_line ocrx_word'/>
</head>
<body>
  <div class='ocr_page' id='page_1' title='image "./detacitigermani00tacigoog_0038.png"; bbox 0 0 3509 5600; ppageno 0'>
   <div class='ocr_carea' id='block_1_1' title="bbox 1815 371 2253 432">
    <p class='ocr_par' dir='ltr' id='par_1_1' title="bbox 1815 371 2253 432">
     <span class='ocr_line' id='line_1_1' title="bbox 1815 371 2253 432; baseline 0 -19"><span class='ocrx_word' id='word_1_1' title='bbox 1815 371 2253 432; x_wconf 64' lang='lat'>„32-</span> 
     </span>
    </p>
   </div>
   <div class='ocr_carea' id='block_1_2' title="bbox 636 560 3500 2676">
    <p class='ocr_par' dir='ltr' id='par_1_2' title="bbox 636 560 3500 2676">
     <span class='ocr_line' id='line_1_2' title="bbox 652 560 3398 642; baseline 0 -16"><span class='ocrx_word' id='word_1_2' title='bbox 652 580 693 627; x_wconf 92' lang='lat' dir='ltr'>e</span> <span class='ocrx_word' id='word_1_3' title='bbox 761 562 1227 625; x_wconf 85' lang='lat' dir='ltr'>ducentarum</span> <span class='ocrx_word' id='word_1_4' title='bbox 1304 560 1989 642; x_wconf 88' lang='lat' dir='ltr'>duodeseptuaginta</span> <span class='ocrx_word' id='word_1_5' title='bbox 2062 560 2443 624; x_wconf 91' lang='lat' dir='ltr'>lectionum</span> <span class='ocrx_word' id='word_1_6' title='bbox 2517 578 2808 624; x_wconf 91' lang='lat' dir='ltr'>numero</span> <span class='ocrx_word' id='word_1_7' title='bbox 2885 567 3152 626; x_wconf 84' lang='lat' dir='ltr'>restant</span> <span class='ocrx_word' id='word_1_8' title='bbox 3226 570 3398 627; x_wconf 92' lang='lat' dir='ltr'>octo-</span> 
     </span>
     <span class='ocr_line' id='line_1_3' title="bbox 652 666 3398 750; baseline 0 -18"><span class='ocrx_word' id='word_1_9' title='bbox 652 669 852 749; x_wconf 85' lang='lat' dir='ltr'>ginta</span> <span class='ocrx_word' id='word_1_10' title='bbox 917 687 1072 749; x_wconf 82' lang='lat' dir='ltr'>sex,</span> <span class='ocrx_word' id='word_1_11' title='bbox 1142 668 1393 749; x_wconf 90' lang='lat' dir='ltr'>quibus</span> <span class='ocrx_word' id='word_1_12' title='bbox 1454 667 1523 750; x_wconf 98' lang='grc'>82</span> <span class='ocrx_word' id='word_1_13' title='bbox 1594 686 1753 732; x_wconf 90' lang='lat' dir='ltr'>cum</span> <span class='ocrx_word' id='word_1_14' title='bbox 1813 666 2190 731; x_wconf 92' lang='lat' dir='ltr'>Hummelii</span> <span class='ocrx_word' id='word_1_15' title='bbox 2256 667 2579 747; x_wconf 89' lang='lat' dir='ltr'>Longolii</span> <span class='ocrx_word' id='word_1_16' title='bbox 2646 667 2963 749; x_wconf 85' lang='lat' dir='ltr'>Sellingii</span> <span class='ocrx_word' id='word_1_17' title='bbox 3030 669 3398 733; x_wconf 89' lang='lat' dir='ltr'>collationi-</span> 
     </span>
     <span class='ocr_line' id='line_1_4' title="bbox 652 774 3398 859; baseline 0.001 -20"><span class='ocrx_word' id='word_1_18' title='bbox 652 777 783 857; x_wconf 88' lang='lat' dir='ltr'>bus</span> <span class='ocrx_word' id='word_1_19' title='bbox 858 775 1182 838; x_wconf 88' lang='lat' dir='ltr'>conferre</span> <span class='ocrx_word' id='word_1_20' title='bbox 1248 793 1648 856; x_wconf 88' lang='lat' dir='ltr'>possumus:</span> <span class='ocrx_word' id='word_1_21' title='bbox 1726 774 1978 839; x_wconf 90' lang='lat' dir='ltr'>horum</span> <span class='ocrx_word' id='word_1_22' title='bbox 2041 775 2488 841; x_wconf 85' lang='lat' dir='ltr'>consentiunt</span> <span class='ocrx_word' id='word_1_23' title='bbox 2552 775 2736 838; x_wconf 90' lang='lat' dir='ltr'>inter</span> <span class='ocrx_word' id='word_1_24' title='bbox 2800 794 2875 839; x_wconf 92' lang='lat' dir='ltr'>se</span> <span class='ocrx_word' id='word_1_25' title='bbox 2940 777 3398 859; x_wconf 86' lang='lat' dir='ltr'>septuaginta,</span> 
     </span>
     <span class='ocr_line' id='line_1_5' title="bbox 651 881 3398 967; baseline 0.001 -22"><span class='ocrx_word' id='word_1_26' title='bbox 651 882 1064 962; x_wconf 87' lang='lat' dir='ltr'>discrepant</span> <span class='ocrx_word' id='word_1_27' title='bbox 1125 881 1453 945; x_wconf 75' lang='lat' dir='ltr'>sedecim.</span> <span class='ocrx_word' id='word_1_28' title='bbox 1548 881 1782 963; x_wconf 85' lang='lat' dir='ltr'>Atque</span> <span class='ocrx_word' id='word_1_29' title='bbox 1842 882 1901 945; x_wconf 92' lang='lat' dir='ltr'>si</span> <span class='ocrx_word' id='word_1_30' title='bbox 1948 882 2251 963; x_wconf 93' lang='lat' dir='ltr'>primum</span> <span class='ocrx_word' id='word_1_31' title='bbox 2300 900 2421 945; x_wconf 79' lang='lat' dir='ltr'>eas</span> <span class='ocrx_word' id='word_1_32' title='bbox 2477 882 2817 947; x_wconf 90' lang='lat' dir='ltr'>lectiones</span> <span class='ocrx_word' id='word_1_33' title='bbox 2865 883 3398 967; x_wconf 82' lang='lat' dir='ltr'>consideramuS,</span> 
     </span>
     <span class='ocr_line' id='line_1_6' title="bbox 652 988 3399 1073; baseline 0 -22"><span class='ocrx_word' id='word_1_34' title='bbox 652 1006 838 1070; x_wconf 89' lang='lat' dir='ltr'>quae</span> <span class='ocrx_word' id='word_1_35' title='bbox 886 1006 1293 1052; x_wconf 88' lang='lat' dir='ltr'>communes</span> <span class='ocrx_word' id='word_1_36' title='bbox 1340 993 1502 1051; x_wconf 90' lang='lat' dir='ltr'>sunt</span> <span class='ocrx_word' id='word_1_37' title='bbox 1549 996 1619 1052; x_wconf 90' lang='lat' dir='ltr'>et</span> <span class='ocrx_word' id='word_1_38' title='bbox 1652 989 1873 1052; x_wconf 89' lang='lat' dir='ltr'>tribus</span> <span class='ocrx_word' id='word_1_39' title='bbox 1905 988 2042 1052; x_wconf 89' lang='lat' dir='ltr'>illis</span> <span class='ocrx_word' id='word_1_40' title='bbox 2092 988 2585 1053; x_wconf 81' lang='lat' dir='ltr'>collationibus</span> <span class='ocrx_word' id='word_1_41' title='bbox 2634 994 2705 1053; x_wconf 92' lang='lat' dir='ltr'>et</span> <span class='ocrx_word' id='word_1_42' title='bbox 2744 989 2814 1073; x_wconf 87' lang='grc'>82</span> <span class='ocrx_word' id='word_1_43' title='bbox 2867 990 3127 1070; x_wconf 86' lang='lat' dir='ltr'>manui,</span> <span class='ocrx_word' id='word_1_44' title='bbox 3177 991 3399 1054; x_wconf 86' lang='lat' dir='ltr'>statim</span> 
     </span>
     <span class='ocr_line' id='line_1_7' title="bbox 650 1095 3400 1177; baseline 0.001 -18"><span class='ocrx_word' id='word_1_45' title='bbox 650 1095 1321 1174; x_wconf 85' lang='lat' dir='ltr'>animadvertemuS‚</span> <span class='ocrx_word' id='word_1_46' title='bbox 1371 1113 1511 1158; x_wconf 92' lang='lat' dir='ltr'>non</span> <span class='ocrx_word' id='word_1_47' title='bbox 1559 1096 1871 1159; x_wconf 90' lang='lat' dir='ltr'>eiusdem</span> <span class='ocrx_word' id='word_1_48' title='bbox 1919 1113 2160 1159; x_wconf 90' lang='lat' dir='ltr'>omnes</span> <span class='ocrx_word' id='word_1_49' title='bbox 2206 1095 2415 1177; x_wconf 89' lang='lat' dir='ltr'>pretii</span> <span class='ocrx_word' id='word_1_50' title='bbox 2465 1114 2638 1160; x_wconf 90' lang='lat' dir='ltr'>esse.</span> <span class='ocrx_word' id='word_1_51' title='bbox 2705 1096 2884 1159; x_wconf 90' lang='lat' dir='ltr'>Nam</span> <span class='ocrx_word' id='word_1_52' title='bbox 2933 1098 3170 1161; x_wconf 91' lang='lat' dir='ltr'>multis</span> <span class='ocrx_word' id='word_1_53' title='bbox 3216 1098 3400 1177; x_wconf 77' lang='lat' dir='ltr'>lociS,</span> 
     </span>
     <span class='ocr_line' id='line_1_8' title="bbox 651 1201 3398 1286; baseline 0.001 -21"><span class='ocrx_word' id='word_1_54' title='bbox 651 1203 767 1267; x_wconf 95' lang='lat' dir='ltr'>ubi</span> <span class='ocrx_word' id='word_1_55' title='bbox 816 1201 862 1266; x_wconf 88' lang='lat' dir='ltr'>S</span> <span class='ocrx_word' id='word_1_56' title='bbox 921 1205 1042 1265; x_wconf 91' lang='lat' dir='ltr'>aut</span> <span class='ocrx_word' id='word_1_57' title='bbox 1099 1206 1471 1265; x_wconf 86' lang='lat' dir='ltr'>erraverat</span> <span class='ocrx_word' id='word_1_58' title='bbox 1529 1210 1649 1266; x_wconf 89' lang='lat' dir='ltr'>aut</span> <span class='ocrx_word' id='word_1_59' title='bbox 1704 1206 1969 1266; x_wconf 92' lang='lat' dir='ltr'>temere</span> <span class='ocrx_word' id='word_1_60' title='bbox 2027 1202 2293 1283; x_wconf 91' lang='lat' dir='ltr'>aliquid</span> <span class='ocrx_word' id='word_1_61' title='bbox 2342 1202 2693 1282; x_wconf 88' lang='lat' dir='ltr'>omiserat,</span> <span class='ocrx_word' id='word_1_62' title='bbox 2744 1202 2814 1286; x_wconf 87' lang='grc'>82</span> <span class='ocrx_word' id='word_1_63' title='bbox 2867 1203 3047 1268; x_wconf 89' lang='lat' dir='ltr'>haec</span> <span class='ocrx_word' id='word_1_64' title='bbox 3096 1204 3270 1267; x_wconf 86' lang='lat' dir='ltr'>vitia</span> <span class='ocrx_word' id='word_1_65' title='bbox 3318 1204 3398 1267; x_wconf 93' lang='lat' dir='ltr'>ad</span> 
     </span>
     <span class='ocr_line' id='line_1_9' title="bbox 647 1309 3400 1391; baseline -0 -17"><span class='ocrx_word' id='word_1_66' title='bbox 647 1311 1018 1390; x_wconf 86' lang='lat' dir='ltr'>vulgatam</span> <span class='ocrx_word' id='word_1_67' title='bbox 1066 1310 1443 1374; x_wconf 89' lang='lat' dir='ltr'>lectionem</span> <span class='ocrx_word' id='word_1_68' title='bbox 1490 1309 1839 1391; x_wconf 85' lang='lat' dir='ltr'>emendat,</span> <span class='ocrx_word' id='word_1_69' title='bbox 1888 1310 1990 1372; x_wconf 91' lang='lat' dir='ltr'>ita</span> <span class='ocrx_word' id='word_1_70' title='bbox 2037 1309 2340 1390; x_wconf 90' lang='lat' dir='ltr'>quidem,</span> <span class='ocrx_word' id='word_1_71' title='bbox 2393 1314 2466 1373; x_wconf 93' lang='lat' dir='ltr'>ut</span> <span class='ocrx_word' id='word_1_72' title='bbox 2514 1309 2696 1374; x_wconf 88' lang='lat' dir='ltr'>haec</span> <span class='ocrx_word' id='word_1_73' title='bbox 2743 1310 2952 1373; x_wconf 89' lang='lat' dir='ltr'>lectio</span> <span class='ocrx_word' id='word_1_74' title='bbox 2986 1311 3203 1374; x_wconf 90' lang='lat' dir='ltr'>etiam</span> <span class='ocrx_word' id='word_1_75' title='bbox 3248 1329 3400 1376; x_wconf 89' lang='lat' dir='ltr'>cum</span> 
     </span>
     <span class='ocr_line' id='line_1_10' title="bbox 647 1416 3403 1498; baseline -0.001 -15"><span class='ocrx_word' id='word_1_76' title='bbox 647 1417 896 1483; x_wconf 88' lang='lat' dir='ltr'>codice</span> <span class='ocrx_word' id='word_1_77' title='bbox 938 1416 1002 1479; x_wconf 92' lang='lat' dir='ltr'>H</span> <span class='ocrx_word' id='word_1_78' title='bbox 1051 1421 1121 1480; x_wconf 92' lang='lat' dir='ltr'>et</span> <span class='ocrx_word' id='word_1_79' title='bbox 1167 1417 1318 1498; x_wconf 91' lang='lat' dir='ltr'>ipso</span> <span class='ocrx_word' id='word_1_80' title='bbox 1368 1417 1736 1497; x_wconf 84' lang='lat' dir='ltr'>vulgatam</span> <span class='ocrx_word' id='word_1_81' title='bbox 1780 1416 2156 1480; x_wconf 91' lang='lat' dir='ltr'>lectionem</span> <span class='ocrx_word' id='word_1_82' title='bbox 2204 1416 2583 1480; x_wconf 85' lang='lat' dir='ltr'>exhibente</span> <span class='ocrx_word' id='word_1_83' title='bbox 2632 1418 3058 1480; x_wconf 79' lang='lat' dir='ltr'>consentiat:</span> <span class='ocrx_word' id='word_1_84' title='bbox 3108 1418 3403 1482; x_wconf 86' lang='lat' dir='ltr'>sedeae</span> 
     </span>
     <span class='ocr_line' id='line_1_11' title="bbox 645 1522 3403 1606; baseline -0 -18"><span class='ocrx_word' id='word_1_85' title='bbox 645 1524 988 1588; x_wconf 89' lang='lat' dir='ltr'>lectiones</span> <span class='ocrx_word' id='word_1_86' title='bbox 1029 1541 1168 1586; x_wconf 92' lang='lat' dir='ltr'>non</span> <span class='ocrx_word' id='word_1_87' title='bbox 1213 1524 1614 1588; x_wconf 88' lang='lat' dir='ltr'>necessario</span> <span class='ocrx_word' id='word_1_88' title='bbox 1663 1523 2003 1587; x_wconf 84' lang='lat' dir='ltr'>oriundae</span> <span class='ocrx_word' id='word_1_89' title='bbox 2051 1533 2213 1586; x_wconf 90' lang='lat' dir='ltr'>sunt</span> <span class='ocrx_word' id='word_1_90' title='bbox 2260 1542 2299 1587; x_wconf 93' lang='lat' dir='ltr'>e</span> <span class='ocrx_word' id='word_1_91' title='bbox 2349 1523 2594 1588; x_wconf 91' lang='lat' dir='ltr'>codice</span> <span class='ocrx_word' id='word_1_92' title='bbox 2635 1522 3151 1606; x_wconf 89' lang='lat' dir='ltr'>Hummelian0,</span> <span class='ocrx_word' id='word_1_93' title='bbox 3200 1526 3403 1590; x_wconf 92' lang='lat' dir='ltr'>immo</span> 
     </span>
     <span class='ocr_line' id='line_1_12' title="bbox 644 1629 3404 1713; baseline 0 -17"><span class='ocrx_word' id='word_1_94' title='bbox 644 1649 686 1696; x_wconf 89' lang='lat' dir='ltr'>e</span> <span class='ocrx_word' id='word_1_95' title='bbox 734 1630 986 1712; x_wconf 90' lang='lat' dir='ltr'>quovis</span> <span class='ocrx_word' id='word_1_96' title='bbox 1044 1629 1289 1694; x_wconf 89' lang='lat' dir='ltr'>codice</span> <span class='ocrx_word' id='word_1_97' title='bbox 1337 1630 1733 1693; x_wconf 88' lang='lat' dir='ltr'>traditionis</span> <span class='ocrx_word' id='word_1_98' title='bbox 1781 1630 2098 1710; x_wconf 87' lang='lat' dir='ltr'>vulgaris</span> <span class='ocrx_word' id='word_1_99' title='bbox 2147 1630 2489 1710; x_wconf 86' lang='lat' dir='ltr'>originem</span> <span class='ocrx_word' id='word_1_100' title='bbox 2538 1630 2796 1695; x_wconf 89' lang='lat' dir='ltr'>ducere</span> <span class='ocrx_word' id='word_1_101' title='bbox 2844 1638 3177 1713; x_wconf 84' lang='lat' dir='ltr'>poterant</span> <span class='ocrx_word' id='word_1_102' title='bbox 3223 1651 3404 1696; x_wconf 85' lang='lat' dir='ltr'>eam-</span> 
     </span>
     <span class='ocr_line' id='line_1_13' title="bbox 645 1737 3403 1823; baseline 0.001 -23"><span class='ocrx_word' id='word_1_103' title='bbox 645 1754 783 1818; x_wconf 91' lang='lat' dir='ltr'>que</span> <span class='ocrx_word' id='word_1_104' title='bbox 841 1739 930 1802; x_wconf 95' lang='lat' dir='ltr'>ob</span> <span class='ocrx_word' id='word_1_105' title='bbox 988 1756 1135 1801; x_wconf 92' lang='lat' dir='ltr'>rem</span> <span class='ocrx_word' id='word_1_106' title='bbox 1208 1756 1336 1819; x_wconf 90' lang='lat' dir='ltr'>per</span> <span class='ocrx_word' id='word_1_107' title='bbox 1396 1757 1471 1802; x_wconf 88' lang='lat' dir='ltr'>se</span> <span class='ocrx_word' id='word_1_108' title='bbox 1533 1738 1704 1801; x_wconf 91' lang='lat' dir='ltr'>nihil</span> <span class='ocrx_word' id='word_1_109' title='bbox 1771 1755 1894 1801; x_wconf 92' lang='lat' dir='ltr'>nos</span> <span class='ocrx_word' id='word_1_110' title='bbox 1961 1738 2210 1801; x_wconf 87' lang='lat' dir='ltr'>iuvant</span> <span class='ocrx_word' id='word_1_111' title='bbox 2280 1737 2879 1802; x_wconf 87' lang='lat' dir='ltr'>demonstraturos</span> <span class='ocrx_word' id='word_1_112' title='bbox 2927 1738 2998 1823; x_wconf 95' lang='grc'>82</span> <span class='ocrx_word' id='word_1_113' title='bbox 3051 1757 3143 1803; x_wconf 90' lang='lat' dir='ltr'>ex</span> <span class='ocrx_word' id='word_1_114' title='bbox 3199 1739 3403 1802; x_wconf 88' lang='lat' dir='ltr'>Hum-</span> 
     </span>
     <span class='ocr_line' id='line_1_14' title="bbox 642 1844 3407 1927; baseline 0 -19"><span class='ocrx_word' id='word_1_115' title='bbox 642 1845 950 1908; x_wconf 89' lang='lat' dir='ltr'>meliano</span> <span class='ocrx_word' id='word_1_116' title='bbox 1021 1845 1265 1909; x_wconf 89' lang='lat' dir='ltr'>codice</span> <span class='ocrx_word' id='word_1_117' title='bbox 1330 1845 1819 1926; x_wconf 85' lang='lat' dir='ltr'>exscripsisse:</span> <span class='ocrx_word' id='word_1_118' title='bbox 1892 1844 2072 1908; x_wconf 90' lang='lat' dir='ltr'>tales</span> <span class='ocrx_word' id='word_1_119' title='bbox 2133 1844 2473 1909; x_wconf 90' lang='lat' dir='ltr'>lectiones</span> <span class='ocrx_word' id='word_1_120' title='bbox 2535 1863 2826 1909; x_wconf 89' lang='lat' dir='ltr'>numero</span> <span class='ocrx_word' id='word_1_121' title='bbox 2902 1850 3063 1909; x_wconf 85' lang='lat' dir='ltr'>sunt</span> <span class='ocrx_word' id='word_1_122' title='bbox 3120 1847 3407 1927; x_wconf 89' lang='lat' dir='ltr'>triginta</span> 
     </span>
     <span class='ocr_line' id='line_1_15' title="bbox 641 1951 3404 2035; baseline 0 -20"><span class='ocrx_word' id='word_1_123' title='bbox 641 1969 789 2015; x_wconf 90' lang='lat' dir='ltr'>sex.</span> <span class='ocrx_word' id='word_1_124' title='bbox 855 1951 1017 2015; x_wconf 91' lang='lat' dir='ltr'>Alia</span> <span class='ocrx_word' id='word_1_125' title='bbox 1064 1970 1236 2016; x_wconf 91' lang='lat' dir='ltr'>vero</span> <span class='ocrx_word' id='word_1_126' title='bbox 1286 1971 1398 2016; x_wconf 90' lang='lat' dir='ltr'>res</span> <span class='ocrx_word' id='word_1_127' title='bbox 1447 1957 1553 2016; x_wconf 91' lang='lat' dir='ltr'>est</span> <span class='ocrx_word' id='word_1_128' title='bbox 1599 1953 1682 2016; x_wconf 94' lang='lat' dir='ltr'>iis</span> <span class='ocrx_word' id='word_1_129' title='bbox 1728 1952 1923 2032; x_wconf 82' lang='lat' dir='ltr'>lociS,</span> <span class='ocrx_word' id='word_1_130' title='bbox 1974 1951 2092 2015; x_wconf 93' lang='lat' dir='ltr'>ubi</span> <span class='ocrx_word' id='word_1_131' title='bbox 2139 1951 2210 2035; x_wconf 84' lang='grc'>82</span> <span class='ocrx_word' id='word_1_132' title='bbox 2262 1953 2612 2016; x_wconf 87' lang='lat' dir='ltr'>consentit</span> <span class='ocrx_word' id='word_1_133' title='bbox 2660 1971 2820 2017; x_wconf 93' lang='lat' dir='ltr'>cum</span> <span class='ocrx_word' id='word_1_134' title='bbox 2869 1953 3114 2018; x_wconf 91' lang='lat' dir='ltr'>codice</span> <span class='ocrx_word' id='word_1_135' title='bbox 3163 1952 3229 2016; x_wconf 92' lang='lat' dir='ltr'><strong>H</strong></span> <span class='ocrx_word' id='word_1_136' title='bbox 3277 1954 3404 2017; x_wconf 92' lang='lat' dir='ltr'>sin-</span> 
     </span>
     <span class='ocr_line' id='line_1_16' title="bbox 640 2059 3404 2142; baseline 0.001 -21"><span class='ocrx_word' id='word_1_137' title='bbox 640 2059 965 2139; x_wconf 88' lang='lat' dir='ltr'>gularem</span> <span class='ocrx_word' id='word_1_138' title='bbox 999 2059 1357 2140; x_wconf 90' lang='lat' dir='ltr'>quandam</span> <span class='ocrx_word' id='word_1_139' title='bbox 1390 2060 1764 2124; x_wconf 88' lang='lat' dir='ltr'>lectionem</span> <span class='ocrx_word' id='word_1_140' title='bbox 1797 2059 2176 2124; x_wconf 89' lang='lat' dir='ltr'>exhibente</span> <span class='ocrx_word' id='word_1_141' title='bbox 2217 2078 2262 2123; x_wconf 89' lang='lat' dir='ltr'>a</span> <span class='ocrx_word' id='word_1_142' title='bbox 2294 2060 2593 2140; x_wconf 86' lang='lat' dir='ltr'>vulgata</span> <span class='ocrx_word' id='word_1_143' title='bbox 2625 2060 3168 2142; x_wconf 84' lang='lat' dir='ltr'>discrepantem,</span> <span class='ocrx_word' id='word_1_144' title='bbox 3219 2061 3404 2142; x_wconf 92' lang='lat' dir='ltr'>quod</span> 
     </span>
     <span class='ocr_line' id='line_1_17' title="bbox 642 2166 3404 2248; baseline 0.001 -19"><span class='ocrx_word' id='word_1_145' title='bbox 642 2166 880 2230; x_wconf 87' lang='lat' dir='ltr'>tricies</span> <span class='ocrx_word' id='word_1_146' title='bbox 929 2172 1181 2247; x_wconf 85' lang='lat' dir='ltr'>quater</span> <span class='ocrx_word' id='word_1_147' title='bbox 1230 2167 1496 2247; x_wconf 85' lang='lat' dir='ltr'>evenit3</span> <span class='ocrx_word' id='word_1_148' title='bbox 1555 2185 1731 2248; x_wconf 89' lang='lat' dir='ltr'>quas</span> <span class='ocrx_word' id='word_1_149' title='bbox 1779 2166 2118 2230; x_wconf 89' lang='lat' dir='ltr'>lectiones</span> <span class='ocrx_word' id='word_1_150' title='bbox 2166 2167 2237 2229; x_wconf 90' lang='lat' dir='ltr'>in</span> <span class='ocrx_word' id='word_1_151' title='bbox 2285 2167 2715 2248; x_wconf 86' lang='lat' dir='ltr'>perlegendo</span> <span class='ocrx_word' id='word_1_152' title='bbox 2766 2167 2999 2232; x_wconf 89' lang='lat' dir='ltr'>indice</span> <span class='ocrx_word' id='word_1_153' title='bbox 3046 2168 3264 2232; x_wconf 87' lang='lat' dir='ltr'>facile</span> <span class='ocrx_word' id='word_1_154' title='bbox 3312 2169 3404 2231; x_wconf 90' lang='lat' dir='ltr'>in-</span> 
     </span>
     <span class='ocr_line' id='line_1_18' title="bbox 640 2272 3400 2358; baseline 0.002 -25"><span class='ocrx_word' id='word_1_155' title='bbox 640 2273 906 2337; x_wconf 86' lang='lat' dir='ltr'>venies.</span> <span class='ocrx_word' id='word_1_156' title='bbox 1001 2272 1233 2353; x_wconf 88' lang='lat' dir='ltr'>Atque</span> <span class='ocrx_word' id='word_1_157' title='bbox 1285 2273 1391 2336; x_wconf 89' lang='lat' dir='ltr'>his</span> <span class='ocrx_word' id='word_1_158' title='bbox 1454 2274 1735 2354; x_wconf 92' lang='lat' dir='ltr'>quidem</span> <span class='ocrx_word' id='word_1_159' title='bbox 1783 2274 1956 2349; x_wconf 92' lang='lat' dir='ltr'>locis</span> <span class='ocrx_word' id='word_1_160' title='bbox 2006 2273 2263 2337; x_wconf 90' lang='lat' dir='ltr'>adduci</span> <span class='ocrx_word' id='word_1_161' title='bbox 2324 2291 2451 2337; x_wconf 94' lang='lat' dir='ltr'>nos</span> <span class='ocrx_word' id='word_1_162' title='bbox 2512 2292 2718 2355; x_wconf 87' lang='lat' dir='ltr'>posse</span> <span class='ocrx_word' id='word_1_163' title='bbox 2780 2275 3138 2355; x_wconf 91' lang='lat' dir='ltr'>confiteor,</span> <span class='ocrx_word' id='word_1_164' title='bbox 3207 2281 3287 2338; x_wconf 90' lang='lat' dir='ltr'>ut</span> <span class='ocrx_word' id='word_1_165' title='bbox 3334 2274 3400 2358; x_wconf 88' lang='grc'>82</span> 
     </span>
     <span class='ocr_line' id='line_1_19' title="bbox 639 2380 3406 2463; baseline 0 -20"><span class='ocrx_word' id='word_1_166' title='bbox 639 2384 841 2444; x_wconf 89' lang='lat' dir='ltr'>recta</span> <span class='ocrx_word' id='word_1_167' title='bbox 886 2380 1010 2442; x_wconf 89' lang='lat' dir='ltr'>via</span> <span class='ocrx_word' id='word_1_168' title='bbox 1057 2398 1095 2443; x_wconf 90' lang='lat' dir='ltr'>e</span> <span class='ocrx_word' id='word_1_169' title='bbox 1145 2380 1389 2445; x_wconf 91' lang='lat' dir='ltr'>codice</span> <span class='ocrx_word' id='word_1_170' title='bbox 1437 2380 1929 2444; x_wconf 90' lang='lat' dir='ltr'>Hummeliano</span> <span class='ocrx_word' id='word_1_171' title='bbox 1978 2380 2434 2462; x_wconf 87' lang='lat' dir='ltr'>exscripsisse</span> <span class='ocrx_word' id='word_1_172' title='bbox 2481 2385 2839 2462; x_wconf 89' lang='lat' dir='ltr'>putemus;</span> <span class='ocrx_word' id='word_1_173' title='bbox 2896 2381 3020 2445; x_wconf 91' lang='lat' dir='ltr'>sed</span> <span class='ocrx_word' id='word_1_174' title='bbox 3082 2388 3406 2463; x_wconf 89' lang='lat' dir='ltr'>spectan-</span> 
     </span>
     <span class='ocr_line' id='line_1_20' title="bbox 638 2486 3405 2570; baseline 0 -21"><span class='ocrx_word' id='word_1_175' title='bbox 638 2486 775 2550; x_wconf 91' lang='lat' dir='ltr'>dae</span> <span class='ocrx_word' id='word_1_176' title='bbox 824 2492 986 2550; x_wconf 90' lang='lat' dir='ltr'>sunt</span> <span class='ocrx_word' id='word_1_177' title='bbox 1033 2506 1162 2550; x_wconf 83' lang='lat' dir='ltr'>eae</span> <span class='ocrx_word' id='word_1_178' title='bbox 1211 2488 1569 2569; x_wconf 86' lang='lat' dir='ltr'>lectiones,</span> <span class='ocrx_word' id='word_1_179' title='bbox 1620 2489 1871 2569; x_wconf 83' lang='lat' dir='ltr'>quibus</span> <span class='ocrx_word' id='word_1_180' title='bbox 1921 2486 1990 2570; x_wconf 90' lang='grc'>82</span> <span class='ocrx_word' id='word_1_181' title='bbox 2044 2505 2183 2550; x_wconf 91' lang='lat' dir='ltr'>non</span> <span class='ocrx_word' id='word_1_182' title='bbox 2231 2505 2517 2568; x_wconf 90' lang='lat' dir='ltr'>prorsus</span> <span class='ocrx_word' id='word_1_183' title='bbox 2551 2488 2900 2552; x_wconf 88' lang='lat' dir='ltr'>consentit</span> <span class='ocrx_word' id='word_1_184' title='bbox 2948 2506 3106 2552; x_wconf 92' lang='lat' dir='ltr'>cum</span> <span class='ocrx_word' id='word_1_185' title='bbox 3157 2489 3405 2553; x_wconf 88' lang='lat' dir='ltr'>codice</span> 
     </span>
     <span class='ocr_line' id='line_1_21' title="bbox 636 2592 3500 2676; baseline -0 -20"><span class='ocrx_word' id='word_1_186' title='bbox 636 2592 1153 2676; x_wconf 87' lang='lat' dir='ltr'>Hummeliano,</span> <span class='ocrx_word' id='word_1_187' title='bbox 1203 2595 1412 2657; x_wconf 92' lang='lat' dir='ltr'>immo</span> <span class='ocrx_word' id='word_1_188' title='bbox 1465 2596 1688 2658; x_wconf 92' lang='lat' dir='ltr'>levius</span> <span class='ocrx_word' id='word_1_189' title='bbox 1738 2594 2095 2676; x_wconf 88' lang='lat' dir='ltr'>discrepat</span> <span class='ocrx_word' id='word_1_190' title='bbox 2144 2596 2233 2658; x_wconf 89' lang='lat' dir='ltr'>ab</span> <span class='ocrx_word' id='word_1_191' title='bbox 2283 2613 2400 2660; x_wconf 88' lang='lat' dir='ltr'>eo:</span> <span class='ocrx_word' id='word_1_192' title='bbox 2465 2613 2639 2676; x_wconf 92' lang='lat' dir='ltr'>quos</span> <span class='ocrx_word' id='word_1_193' title='bbox 2689 2596 2881 2660; x_wconf 88' lang='lat' dir='ltr'>locos</span> <span class='ocrx_word' id='word_1_194' title='bbox 2932 2596 3185 2660; x_wconf 86' lang='lat' dir='ltr'>afferre</span> <span class='ocrx_word' id='word_1_195' title='bbox 3239 2595 3405 2659; x_wconf 91' lang='lat' dir='ltr'>mihi</span> <span class='ocrx_word' id='word_1_196' title='bbox 3499 2650 3500 2655; x_wconf 73' lang='grc'>,</span> 
     </span>
    </p>
   </div>
   <div class='ocr_carea' id='block_1_3' title="bbox 636 2702 1719 2766">
    <p class='ocr_par' dir='ltr' id='par_1_3' title="bbox 636 2702 1719 2766">
     <span class='ocr_line' id='line_1_22' title="bbox 636 2702 1719 2766; baseline -0.001 -1"><span class='ocrx_word' id='word_1_197' title='bbox 636 2703 779 2765; x_wconf 93' lang='lat' dir='ltr'>iam</span> <span class='ocrx_word' id='word_1_198' title='bbox 829 2702 1061 2765; x_wconf 89' lang='lat' dir='ltr'>liceat.</span> <span class='ocrx_word' id='word_1_199' title='bbox 1157 2702 1331 2766; x_wconf 85' lang='lat' dir='ltr'>Sunt</span> <span class='ocrx_word' id='word_1_200' title='bbox 1379 2703 1565 2765; x_wconf 91' lang='lat' dir='ltr'>enim</span> <span class='ocrx_word' id='word_1_201' title='bbox 1614 2702 1719 2765; x_wconf 92' lang='lat' dir='ltr'>hi:</span> 
     </span>
    </p>
   </div>
   <div class='ocr_carea' id='block_1_4' title="bbox 653 2864 3406 3805">
    <p class='ocr_par' dir='ltr' id='par_1_4' title="bbox 653 2864 3406 3805">
     <span class='ocr_line' id='line_1_23' title="bbox 894 2864 3166 2951; baseline 0 -25"><span class='ocrx_word' id='word_1_202' title='bbox 894 2864 1057 2927; x_wconf 76' lang='lat'>1118</span> <span class='ocrx_word' id='word_1_203' title='bbox 1106 2866 1446 2949; x_wconf 74' lang='lat' dir='ltr'>yambrios</span> <span class='ocrx_word' id='word_1_204' title='bbox 1494 2864 1537 2928; x_wconf 87' lang='lat' dir='ltr'>S</span> <span class='ocrx_word' id='word_1_205' title='bbox 1672 2866 2072 2950; x_wconf 68' lang='lat' dir='ltr'>gambruvos</span> <span class='ocrx_word' id='word_1_206' title='bbox 2120 2864 2190 2948; x_wconf 87' lang='grc'>82</span> <span class='ocrx_word' id='word_1_207' title='bbox 2647 2866 3055 2951; x_wconf 70' lang='lat' dir='ltr'>gambriuios</span> <span class='ocrx_word' id='word_1_208' title='bbox 3102 2864 3166 2927; x_wconf 92' lang='lat' dir='ltr'>H</span> 
     </span>
     <span class='ocr_line' id='line_1_24' title="bbox 982 2971 3224 3055; baseline 0 -21"><span class='ocrx_word' id='word_1_209' title='bbox 982 2978 1060 3035; x_wconf 87' lang='lat'>19</span> <span class='ocrx_word' id='word_1_210' title='bbox 1109 2973 1469 3036; x_wconf 77' lang='lat' dir='ltr'>wandilios</span> <span class='ocrx_word' id='word_1_211' title='bbox 1517 2971 1561 3037; x_wconf 88' lang='lat' dir='ltr'>S</span> <span class='ocrx_word' id='word_1_212' title='bbox 1672 2973 2037 3036; x_wconf 74' lang='lat' dir='ltr'>wandileos</span> <span class='ocrx_word' id='word_1_213' title='bbox 2085 2971 2155 3055; x_wconf 89' lang='grc'>82</span> <span class='ocrx_word' id='word_1_214' title='bbox 2644 2973 2993 3036; x_wconf 78' lang='lat' dir='ltr'>vandileos</span> <span class='ocrx_word' id='word_1_215' title='bbox 3039 2971 3105 3035; x_wconf 92' lang='lat' dir='ltr'><strong>H</strong></span> <span class='ocrx_word' id='word_1_216' title='bbox 3151 2990 3224 3035; x_wconf 89' lang='lat' dir='ltr'>m</span> 
     </span>
     <span class='ocr_line' id='line_1_25' title="bbox 828 3077 3051 3164; baseline 0 -23"><span class='ocrx_word' id='word_1_217' title='bbox 828 3077 967 3141; x_wconf 93' lang='lat' dir='ltr'>XII</span> <span class='ocrx_word' id='word_1_218' title='bbox 1026 3087 1061 3142; x_wconf 84' lang='lat'>5</span> <span class='ocrx_word' id='word_1_219' title='bbox 1112 3087 1303 3164; x_wconf 74' lang='lat' dir='ltr'>yrate</span> <span class='ocrx_word' id='word_1_220' title='bbox 1351 3079 1396 3143; x_wconf 97' lang='lat' dir='ltr'>S</span> <span class='ocrx_word' id='word_1_221' title='bbox 1680 3087 1865 3143; x_wconf 82' lang='lat' dir='ltr'>crate</span> <span class='ocrx_word' id='word_1_222' title='bbox 1912 3079 1982 3162; x_wconf 89' lang='grc'>82</span> <span class='ocrx_word' id='word_1_223' title='bbox 2647 3087 2708 3143; x_wconf 82' lang='lat' dir='ltr'>et</span> <span class='ocrx_word' id='word_1_224' title='bbox 2755 3086 2939 3142; x_wconf 81' lang='lat' dir='ltr'>crate</span> <span class='ocrx_word' id='word_1_225' title='bbox 2986 3078 3051 3141; x_wconf 89' lang='lat' dir='ltr'>H</span> 
     </span>
     <span class='ocr_line' id='line_1_26' title="bbox 824 3185 3125 3269; baseline 0 -21"><span class='ocrx_word' id='word_1_226' title='bbox 824 3185 962 3248; x_wconf 89' lang='lat' dir='ltr'>XX</span> <span class='ocrx_word' id='word_1_227' title='bbox 980 3192 1058 3248; x_wconf 82' lang='lat'>14</span> <span class='ocrx_word' id='word_1_228' title='bbox 1109 3207 1316 3250; x_wconf 80' lang='lat' dir='ltr'>aman</span> <span class='ocrx_word' id='word_1_229' title='bbox 1364 3186 1408 3251; x_wconf 88' lang='lat' dir='ltr'>S</span> <span class='ocrx_word' id='word_1_230' title='bbox 1671 3188 1974 3250; x_wconf 76' lang='lat' dir='ltr'>ani-mum</span> <span class='ocrx_word' id='word_1_231' title='bbox 2021 3187 2091 3269; x_wconf 89' lang='grc'>82</span> <span class='ocrx_word' id='word_1_232' title='bbox 2633 3187 3013 3249; x_wconf 76' lang='lat' dir='ltr'>inanimum</span> <span class='ocrx_word' id='word_1_233' title='bbox 3060 3186 3125 3249; x_wconf 94' lang='lat' dir='ltr'><strong>H</strong></span> 
     </span>
     <span class='ocr_line' id='line_1_27' title="bbox 731 3292 2882 3379; baseline 0.001 -25"><span class='ocrx_word' id='word_1_234' title='bbox 731 3292 1059 3378; x_wconf 82' lang='lat' dir='ltr'>[XXIIl5</span> <span class='ocrx_word' id='word_1_235' title='bbox 1113 3294 1242 3356; x_wconf 85' lang='lat' dir='ltr'>loci</span> <span class='ocrx_word' id='word_1_236' title='bbox 1291 3293 1335 3357; x_wconf 93' lang='grc'>8</span> <span class='ocrx_word' id='word_1_237' title='bbox 1668 3292 1880 3376; x_wconf 77' lang='lat' dir='ltr'>iociS2</span> <span class='ocrx_word' id='word_1_238' title='bbox 1900 3293 2024 3356; x_wconf 88' lang='lat' dir='ltr'>sed</span> <span class='ocrx_word' id='word_1_239' title='bbox 2043 3293 2283 3358; x_wconf 88' lang='lat' dir='ltr'>del.ab</span> <span class='ocrx_word' id='word_1_240' title='bbox 2303 3293 2558 3357; x_wconf 90' lang='lat' dir='ltr'>ead.m.</span> <span class='ocrx_word' id='word_1_241' title='bbox 2640 3294 2770 3357; x_wconf 82' lang='lat' dir='ltr'>loci</span> <span class='ocrx_word' id='word_1_242' title='bbox 2793 3292 2882 3379; x_wconf 95' lang='lat' dir='ltr'>H]</span> 
     </span>
     <span class='ocr_line' id='line_1_28' title="bbox 653 3399 3406 3483; baseline 0.001 -21"><span class='ocrx_word' id='word_1_243' title='bbox 653 3399 963 3463; x_wconf 91' lang='lat' dir='ltr'>XXVIII</span> <span class='ocrx_word' id='word_1_244' title='bbox 1023 3408 1058 3464; x_wconf 87' lang='lat'>9</span> <span class='ocrx_word' id='word_1_245' title='bbox 1109 3402 1389 3464; x_wconf 81' lang='lat' dir='ltr'>bohiemi</span> <span class='ocrx_word' id='word_1_246' title='bbox 1436 3401 1480 3466; x_wconf 88' lang='lat' dir='ltr'>S</span> <span class='ocrx_word' id='word_1_247' title='bbox 1665 3402 1961 3464; x_wconf 82' lang='lat' dir='ltr'>bohvemi</span> <span class='ocrx_word' id='word_1_248' title='bbox 2009 3399 2079 3483; x_wconf 88' lang='grc'>82</span> <span class='ocrx_word' id='word_1_249' title='bbox 2636 3401 2908 3481; x_wconf 81' lang='lat' dir='ltr'>bohemi,</span> <span class='ocrx_word' id='word_1_250' title='bbox 2970 3400 3287 3465; x_wconf 79' lang='lat' dir='ltr'>boiihemi</span> <span class='ocrx_word' id='word_1_251' title='bbox 3342 3401 3406 3464; x_wconf 92' lang='lat' dir='ltr'><strong>H</strong></span> 
     </span>
     <span class='ocr_line' id='line_1_29' title="bbox 987 3507 3406 3592; baseline 0.001 -23"><span class='ocrx_word' id='word_1_252' title='bbox 987 3514 1063 3570; x_wconf 83' lang='grc'>12</span> <span class='ocrx_word' id='word_1_253' title='bbox 1115 3509 1253 3592; x_wconf 79' lang='lat' dir='ltr'>boij</span> <span class='ocrx_word' id='word_1_254' title='bbox 1302 3508 1346 3572; x_wconf 88' lang='lat' dir='ltr'>S</span> <span class='ocrx_word' id='word_1_255' title='bbox 1670 3508 1761 3572; x_wconf 81' lang='lat' dir='ltr'>al.</span> <span class='ocrx_word' id='word_1_256' title='bbox 1795 3509 1894 3572; x_wconf 76' lang='lat' dir='ltr'>osi</span> <span class='ocrx_word' id='word_1_257' title='bbox 1940 3507 2011 3590; x_wconf 89' lang='grc'>82</span> <span class='ocrx_word' id='word_1_258' title='bbox 2637 3508 2737 3571; x_wconf 76' lang='lat' dir='ltr'>osi</span> <span class='ocrx_word' id='word_1_259' title='bbox 2785 3507 2917 3571; x_wconf 91' lang='lat' dir='ltr'>del.</span> <span class='ocrx_word' id='word_1_260' title='bbox 2962 3507 3025 3570; x_wconf 93' lang='lat' dir='ltr'><strong>H</strong></span> <span class='ocrx_word' id='word_1_261' title='bbox 3072 3507 3178 3570; x_wconf 89' lang='lat' dir='ltr'>boi</span> <span class='ocrx_word' id='word_1_262' title='bbox 3230 3508 3299 3571; x_wconf 91' lang='lat' dir='ltr'><strong>H</strong></span> <span class='ocrx_word' id='word_1_263' title='bbox 3337 3527 3406 3571; x_wconf 88' lang='lat' dir='ltr'>m</span> 
     </span>
     <span class='ocr_line' id='line_1_30' title="bbox 728 3613 2971 3701; baseline 0 -24"><span class='ocrx_word' id='word_1_264' title='bbox 728 3613 963 3677; x_wconf 90' lang='lat' dir='ltr'>XLIII</span> <span class='ocrx_word' id='word_1_265' title='bbox 979 3621 1059 3678; x_wconf 80' lang='grc'>28</span> <span class='ocrx_word' id='word_1_266' title='bbox 1111 3615 1321 3700; x_wconf 74' lang='lat' dir='ltr'>liyros</span> <span class='ocrx_word' id='word_1_267' title='bbox 1371 3615 1415 3679; x_wconf 90' lang='lat' dir='ltr'>S</span> <span class='ocrx_word' id='word_1_268' title='bbox 1671 3616 1885 3700; x_wconf 71' lang='lat' dir='ltr'>liqyos</span> <span class='ocrx_word' id='word_1_269' title='bbox 1934 3615 2004 3699; x_wconf 88' lang='grc'>82</span> <span class='ocrx_word' id='word_1_270' title='bbox 2645 3616 2859 3701; x_wconf 70' lang='lat' dir='ltr'>lyyios</span> <span class='ocrx_word' id='word_1_271' title='bbox 2905 3614 2971 3678; x_wconf 96' lang='lat' dir='ltr'><strong>H</strong></span> 
     </span>
     <span class='ocr_line' id='line_1_31' title="bbox 740 3720 3061 3805; baseline 0 -21"><span class='ocrx_word' id='word_1_272' title='bbox 740 3721 969 3784; x_wconf 90' lang='lat' dir='ltr'>XLIV</span> <span class='ocrx_word' id='word_1_273' title='bbox 1030 3728 1060 3784; x_wconf 90' lang='lat'>1</span> <span class='ocrx_word' id='word_1_274' title='bbox 1114 3723 1173 3785; x_wconf 79' lang='lat' dir='ltr'>si</span> <span class='ocrx_word' id='word_1_275' title='bbox 1220 3744 1468 3785; x_wconf 79' lang='lat' dir='ltr'>nouam</span> <span class='ocrx_word' id='word_1_276' title='bbox 1517 3722 1560 3786; x_wconf 89' lang='lat' dir='ltr'>S</span> <span class='ocrx_word' id='word_1_277' title='bbox 1668 3724 2022 3786; x_wconf 77' lang='lat' dir='ltr'>svinouum</span> <span class='ocrx_word' id='word_1_278' title='bbox 2071 3722 2140 3805; x_wconf 94' lang='grc'>82</span> <span class='ocrx_word' id='word_1_279' title='bbox 2636 3723 2949 3786; x_wconf 78' lang='lat' dir='ltr'>saionam</span> <span class='ocrx_word' id='word_1_280' title='bbox 2997 3720 3061 3784; x_wconf 93' lang='lat' dir='ltr'><strong>H</strong></span> 
     </span>
    </p>
   </div>
   <div class='ocr_carea' id='block_1_5' title="bbox 623 3936 3408 4342">
    <p class='ocr_par' dir='ltr' id='par_1_5' title="bbox 623 3936 3408 4342">
     <span class='ocr_line' id='line_1_32' title="bbox 806 3936 3408 4019; baseline 0 -18"><span class='ocrx_word' id='word_1_281' title='bbox 806 3936 940 4001; x_wconf 88' lang='lat' dir='ltr'>Sed</span> <span class='ocrx_word' id='word_1_282' title='bbox 1022 3937 1156 4000; x_wconf 88' lang='lat' dir='ltr'>hae</span> <span class='ocrx_word' id='word_1_283' title='bbox 1236 3937 1573 3999; x_wconf 89' lang='lat' dir='ltr'>lectiones</span> <span class='ocrx_word' id='word_1_284' title='bbox 1649 3938 1749 4000; x_wconf 87' lang='lat' dir='ltr'>ita</span> <span class='ocrx_word' id='word_1_285' title='bbox 1825 3947 2116 4018; x_wconf 90' lang='lat' dir='ltr'>possunt</span> <span class='ocrx_word' id='word_1_286' title='bbox 2179 3937 2544 4018; x_wconf 82' lang='lat' dir='ltr'>explicari,</span> <span class='ocrx_word' id='word_1_287' title='bbox 2627 3945 2701 4000; x_wconf 88' lang='lat' dir='ltr'>ut</span> <span class='ocrx_word' id='word_1_288' title='bbox 2762 3937 2833 4019; x_wconf 88' lang='grc'>82</span> <span class='ocrx_word' id='word_1_289' title='bbox 2919 3937 3144 4002; x_wconf 88' lang='lat' dir='ltr'>obiter</span> <span class='ocrx_word' id='word_1_290' title='bbox 3217 3943 3408 4002; x_wconf 88' lang='lat' dir='ltr'>trac-</span> 
     </span>
     <span class='ocr_line' id='line_1_33' title="bbox 625 4043 3406 4126; baseline 0.001 -21"><span class='ocrx_word' id='word_1_291' title='bbox 625 4043 890 4113; x_wconf 85' lang='lat' dir='ltr'>taverit</span> <span class='ocrx_word' id='word_1_292' title='bbox 960 4043 1276 4107; x_wconf 84' lang='lat' dir='ltr'>codicem</span> <span class='ocrx_word' id='word_1_293' title='bbox 1338 4043 1403 4106; x_wconf 94' lang='lat' dir='ltr'><strong>H</strong></span> <span class='ocrx_word' id='word_1_294' title='bbox 1467 4050 1536 4107; x_wconf 93' lang='lat' dir='ltr'>et</span> <span class='ocrx_word' id='word_1_295' title='bbox 1606 4044 1673 4106; x_wconf 91' lang='lat' dir='ltr'>in</span> <span class='ocrx_word' id='word_1_296' title='bbox 1748 4045 2054 4107; x_wconf 86' lang='lat' dir='ltr'>minutiis</span> <span class='ocrx_word' id='word_1_297' title='bbox 2121 4045 2540 4126; x_wconf 89' lang='lat' dir='ltr'>quibusdam</span> <span class='ocrx_word' id='word_1_298' title='bbox 2610 4046 2980 4124; x_wconf 86' lang='lat' dir='ltr'>erraverit,</span> <span class='ocrx_word' id='word_1_299' title='bbox 3058 4044 3406 4109; x_wconf 89' lang='lat' dir='ltr'>iudicium</span> 
     </span>
     <span class='ocr_line' id='line_1_34' title="bbox 628 4150 3399 4233; baseline 0.001 -20"><span class='ocrx_word' id='word_1_300' title='bbox 628 4169 798 4213; x_wconf 89' lang='lat' dir='ltr'>vero</span> <span class='ocrx_word' id='word_1_301' title='bbox 835 4151 920 4212; x_wconf 92' lang='lat' dir='ltr'>de</span> <span class='ocrx_word' id='word_1_302' title='bbox 955 4157 1105 4213; x_wconf 91' lang='lat' dir='ltr'>tota</span> <span class='ocrx_word' id='word_1_303' title='bbox 1137 4150 1206 4233; x_wconf 91' lang='grc'>82</span> <span class='ocrx_word' id='word_1_304' title='bbox 1253 4168 1501 4214; x_wconf 88' lang='lat' dir='ltr'>manus</span> <span class='ocrx_word' id='word_1_305' title='bbox 1544 4150 1777 4215; x_wconf 91' lang='lat' dir='ltr'>indole</span> <span class='ocrx_word' id='word_1_306' title='bbox 1818 4152 2101 4215; x_wconf 91' lang='lat' dir='ltr'>minime</span> <span class='ocrx_word' id='word_1_307' title='bbox 2143 4152 2402 4215; x_wconf 90' lang='lat' dir='ltr'>mutari</span> <span class='ocrx_word' id='word_1_308' title='bbox 2445 4152 2551 4215; x_wconf 91' lang='lat' dir='ltr'>his</span> <span class='ocrx_word' id='word_1_309' title='bbox 2595 4151 3006 4215; x_wconf 86' lang='lat' dir='ltr'>differentiis</span> <span class='ocrx_word' id='word_1_310' title='bbox 3041 4151 3399 4216; x_wconf 89' lang='lat' dir='ltr'>videatur.</span> 
     </span>
     <span class='ocr_line' id='line_1_35' title="bbox 623 4257 3404 4342; baseline 0.001 -22"><span class='ocrx_word' id='word_1_311' title='bbox 623 4257 716 4320; x_wconf 91' lang='lat' dir='ltr'>At</span> <span class='ocrx_word' id='word_1_312' title='bbox 763 4264 927 4320; x_wconf 91' lang='lat' dir='ltr'>sunt</span> <span class='ocrx_word' id='word_1_313' title='bbox 993 4258 1353 4338; x_wconf 85' lang='lat' dir='ltr'>lectiones,</span> <span class='ocrx_word' id='word_1_314' title='bbox 1422 4258 1671 4339; x_wconf 90' lang='lat' dir='ltr'>quibus</span> <span class='ocrx_word' id='word_1_315' title='bbox 1715 4265 1983 4340; x_wconf 64' lang='lat' dir='ltr'>‘aperte</span> <span class='ocrx_word' id='word_1_316' title='bbox 2049 4259 2495 4323; x_wconf 86' lang='lat' dir='ltr'>contradicat</span> <span class='ocrx_word' id='word_1_317' title='bbox 2556 4258 2626 4342; x_wconf 94' lang='grc'>82</span> <span class='ocrx_word' id='word_1_318' title='bbox 2705 4259 3109 4323; x_wconf 86' lang='lat' dir='ltr'>auctoritati</span> <span class='ocrx_word' id='word_1_319' title='bbox 3180 4260 3404 4322; x_wconf 86' lang='lat' dir='ltr'>trium</span> 
     </span>
    </p>
   </div>
   <div class='ocr_carea' id='block_1_6' title="bbox 622 4365 1444 4429">
    <p class='ocr_par' dir='ltr' id='par_1_6' title="bbox 622 4365 1444 4429">
     <span class='ocr_line' id='line_1_36' title="bbox 622 4365 1444 4429; baseline 0.001 -2"><span class='ocrx_word' id='word_1_320' title='bbox 622 4365 905 4428; x_wconf 79' lang='lat' dir='ltr'>illarum</span> <span class='ocrx_word' id='word_1_321' title='bbox 956 4366 1444 4429; x_wconf 88' lang='lat' dir='ltr'>collationum:</span> 
     </span>
    </p>
   </div>
   <div class='ocr_carea' id='block_1_7' title="bbox 766 4541 3139 4948">
    <p class='ocr_par' dir='ltr' id='par_1_7' title="bbox 766 4541 3139 4948">
     <span class='ocr_line' id='line_1_37' title="bbox 1049 4541 3139 4626; baseline 0.002 -23"><span class='ocrx_word' id='word_1_322' title='bbox 1049 4541 1080 4603; x_wconf 89' lang='grc' dir='ltr'><strong>Ι</strong></span> <span class='ocrx_word' id='word_1_323' title='bbox 1141 4548 1175 4605; x_wconf 87' lang='grc'>6</span> <span class='ocrx_word' id='word_1_324' title='bbox 1226 4542 1588 4605; x_wconf 79' lang='lat' dir='ltr'>reticarum</span> <span class='ocrx_word' id='word_1_325' title='bbox 1639 4542 1683 4606; x_wconf 87' lang='lat' dir='ltr'>S</span> <span class='ocrx_word' id='word_1_326' title='bbox 1909 4543 2319 4607; x_wconf 79' lang='lat' dir='ltr'>rethicaram</span> <span class='ocrx_word' id='word_1_327' title='bbox 2367 4543 2437 4626; x_wconf 92' lang='grc'>82</span> <span class='ocrx_word' id='word_1_328' title='bbox 2612 4545 3026 4608; x_wconf 78' lang='lat' dir='ltr'>raeticarum</span> <span class='ocrx_word' id='word_1_329' title='bbox 3073 4543 3139 4607; x_wconf 97' lang='lat' dir='ltr'><strong>H</strong></span> 
     </span>
     <span class='ocr_line' id='line_1_38' title="bbox 1017 4647 3047 4733; baseline 0.003 -24"><span class='ocrx_word' id='word_1_330' title='bbox 1017 4647 1177 4710; x_wconf 81' lang='lat'><strong>1112</strong></span> <span class='ocrx_word' id='word_1_331' title='bbox 1240 4648 1629 4712; x_wconf 62' lang='lat' dir='ltr'>Tuis-eonem</span> <span class='ocrx_word' id='word_1_332' title='bbox 1677 4650 1721 4714; x_wconf 88' lang='lat' dir='ltr'>S</span> <span class='ocrx_word' id='word_1_333' title='bbox 1903 4651 2226 4714; x_wconf 67' lang='lat' dir='ltr'>his-ionem</span> <span class='ocrx_word' id='word_1_334' title='bbox 2275 4650 2344 4733; x_wconf 88' lang='grc'>82</span> <span class='ocrx_word' id='word_1_335' title='bbox 2610 4652 2934 4715; x_wconf 70' lang='lat' dir='ltr'>visionem</span> <span class='ocrx_word' id='word_1_336' title='bbox 2984 4652 3047 4715; x_wconf 97' lang='lat' dir='ltr'><strong>H</strong></span> 
     </span>
     <span class='ocr_line' id='line_1_39' title="bbox 843 4754 3012 4840; baseline 0.002 -23"><span class='ocrx_word' id='word_1_337' title='bbox 843 4754 1082 4817; x_wconf 91' lang='lat' dir='ltr'>XVIII</span> <span class='ocrx_word' id='word_1_338' title='bbox 1142 4762 1177 4818; x_wconf 79' lang='lat'>8</span> <span class='ocrx_word' id='word_1_339' title='bbox 1229 4755 1508 4818; x_wconf 76' lang='lat' dir='ltr'>delicias</span> <span class='ocrx_word' id='word_1_340' title='bbox 1558 4774 1688 4819; x_wconf 90' lang='lat' dir='ltr'>om.</span> <span class='ocrx_word' id='word_1_341' title='bbox 1738 4756 1784 4820; x_wconf 88' lang='lat' dir='ltr'>S</span> <span class='ocrx_word' id='word_1_342' title='bbox 1903 4758 2121 4821; x_wconf 77' lang='lat' dir='ltr'>cultas</span> <span class='ocrx_word' id='word_1_343' title='bbox 2169 4758 2328 4822; x_wconf 86' lang='lat' dir='ltr'>add.</span> <span class='ocrx_word' id='word_1_344' title='bbox 2381 4757 2450 4840; x_wconf 88' lang='grc'>82</span> <span class='ocrx_word' id='word_1_345' title='bbox 2619 4758 2899 4821; x_wconf 76' lang='lat' dir='ltr'>delicias</span> <span class='ocrx_word' id='word_1_346' title='bbox 2946 4757 3012 4821; x_wconf 94' lang='lat' dir='ltr'><strong>H</strong></span> 
     </span>
     <span class='ocr_line' id='line_1_40' title="bbox 766 4862 2982 4948; baseline 0.001 -23"><span class='ocrx_word' id='word_1_347' title='bbox 766 4862 1075 4925; x_wconf 88' lang='lat' dir='ltr'>XXXIX</span> <span class='ocrx_word' id='word_1_348' title='bbox 1139 4871 1175 4926; x_wconf 85' lang='lat'><strong>3</strong></span> <span class='ocrx_word' id='word_1_349' title='bbox 1226 4865 1430 4927; x_wconf 71' lang='lat' dir='ltr'>estivo</span> <span class='ocrx_word' id='word_1_350' title='bbox 1464 4864 1508 4927; x_wconf 84' lang='lat' dir='ltr'>S</span> <span class='ocrx_word' id='word_1_351' title='bbox 1901 4872 2076 4929; x_wconf 77' lang='lat' dir='ltr'>stato</span> <span class='ocrx_word' id='word_1_352' title='bbox 2126 4865 2196 4948; x_wconf 89' lang='grc'>82</span> <span class='ocrx_word' id='word_1_353' title='bbox 2618 4872 2868 4929; x_wconf 78' lang='lat' dir='ltr'>statuto</span> <span class='ocrx_word' id='word_1_354' title='bbox 2918 4864 2982 4928; x_wconf 92' lang='lat' dir='ltr'><strong>H</strong></span> 
     </span>
    </p>
   </div>
  </div>
 </body>
</html>
