3509 5600
1813 400 2255 462 -33—

829 590 1316 657 xxxvnlo
1365 594 1445 654 et
1491 591 1669 671 ipso
1719 598 1798 653 et
1843 591 2043 676 ipse]
2107 599 2178 655 et
2224 592 2394 675 ipse
2441 591 2524 655 H.

828 706 1089 769 Veram
1122 706 1497 770 lectionem
1542 708 1674 772 hoc
1706 707 1861 771 loco
1896 708 2165 789 profert
2196 707 2280 789 H,
2329 726 2490 772 cum
2533 709 2814 774 codices
2848 709 3093 775 ABCD
3139 711 3406 775 adiecto

646 820 711 877 et
770 813 918 895 ipso
987 813 1393 894 interpolati
1457 814 1629 878 sint:
1689 814 1813 878 sed
1871 833 2010 878 non
2068 815 2132 878 H
2198 815 2386 878 solus
2452 816 2641 880 hanc
2707 816 3317 898 interpolationem
3373 836 3406 879 e

648 924 847 983 textu
897 920 1217 998 removit,
1268 921 1390 984 sed
1441 922 1653 986 etiam
1702 921 1982 986 codices
2030 921 2165 985 MV
2214 922 2354 985 alii.

827 1080 1023 1146 XL5
1072 1080 1476 1165 suarines]
1524 1081 1967 1144 suardones
2015 1079 2099 1143 H.
2310 1127 2496 1180 dones

825 1196 978 1258 Iam
1036 1196 1105 1258 in
1165 1195 1409 1260 codice
1465 1195 1520 1258 B
1577 1196 1913 1277 scriptum
1983 1201 2087 1259 est
2152 1198 2484 1278 marines,
2543 1200 2614 1260 et
2663 1196 2709 1261 S
2760 1198 3048 1262 exhibet
3099 1198 3168 1260 in
3219 1204 3409 1262 textu

649 1304 741 1367 ab
791 1302 1040 1366 eadem
1091 1321 1305 1366 manu
1360 1325 1664 1368 sum-mes
1712 1325 1828 1368 seu
1873 1306 2269 1387 εαανάοηεε,
2329 1306 2430 1369 ita
2489 1309 2565 1369 ut
2624 1306 2806 1370 haec
2866 1321 3146 1386 quoque
3209 1306 3409 1370 lectio

645 1410 927 1492 probet,
1003 1409 1320 1474 codicem
1389 1409 1454 1472 Η
1534 1410 1624 1473 ad
1699 1411 2142 1474 traditionem
2213 1412 2540 1476 Italicam
2610 1412 2900 1493 eiusque
2972 1413 3412 1477 coniecturas

648 1517 1007 1581 recedere.

828 1658 935 1721 Ex
992 1659 1094 1738 iis,
1164 1676 1347 1739 quae
1415 1659 1636 1740 attuli,
1711 1659 1882 1722 satis
1937 1658 2108 1721 mihi
2168 1677 2517 1741 apparere
2573 1660 2856 1724 videtur
2910 1660 3412 1725 Baehrensium

646 1767 732 1830 iis
781 1765 1199 1830 lectionibus
1248 1765 1509 1830 codicis
1542 1765 1625 1845 H,
1678 1783 1854 1846 quas
1902 1766 2212 1847 exempli
2261 1785 2480 1830 causa
2518 1767 2830 1848 protulit,
2875 1768 3219 1848 originem
3254 1768 3414 1834 Ger-

646 1874 1005 1938 manicam
1054 1872 1203 1937 eius
1252 1873 1534 1935 minime
1587 1872 2123 1936 demonstrasse.
2189 1872 2572 1937 Praeterea
2620 1879 2876 1955 autem,
2927 1875 2984 1938 si
3034 1876 3412 1956 quaeritur,

651 1998 1007 2061 quaenam
1062 1979 1236 2043 fides
1294 1979 1520 2044 codici
1569 1979 1780 2044 alicui
1830 1998 1918 2043 ex
1966 1980 2388 2044 lectionibus
2448 1980 2663 2062 ipsius
2720 1981 3023 2062 propriis
3088 1982 3415 2046 habenda

644 2088 755 2167 sit,
782 2104 922 2149 non
949 2086 1224 2166 sufficit,
1261 2087 1333 2148 in
1361 2104 1570 2149 unam
1599 2086 1712 2150 vel
1747 2086 2042 2150 alteram
2081 2087 2548 2169 inquisivisse,
2583 2088 2707 2151 sed
2741 2106 2985 2152 omnes
3019 2089 3413 2152 enotandae

642 2205 806 2258 sunt
872 2200 942 2256 et
1010 2192 1095 2256 de
1162 2193 1454 2274 singulis
1524 2198 1629 2256 est
1698 2192 2171 2259 iudicandum.
2268 2194 2519 2274 Itaque
2588 2195 2677 2258 ab
2750 2194 2977 2259 officio
3050 2213 3208 2258 meo
3278 2213 3409 2258 non

642 2301 1031 2366 abhorrere
1102 2301 1371 2381 putavi,
1444 2318 1685 2363 omnes
1754 2300 2113 2380 lectioneS,
2189 2301 2440 2381 quibus
2502 2301 2568 2364 H
2631 2320 2674 2364 a
2746 2302 3108 2366 codicibus
3173 2301 3412 2366 ABCD

644 2408 1025 2487 discrepat,
1074 2407 1409 2486 colligere
1458 2412 1528 2469 et
1577 2406 1979 2470 accuratius
2028 2406 2501 2471 considerare.
2598 2407 2803 2487 Quod
2861 2426 3022 2472 cum
3068 2408 3413 2487 fecissem,

645 2514 854 2579 varia
902 2514 1150 2576 harum
1202 2514 1580 2577 lectionum
1620 2531 1888 2593 genera
1931 2513 2431 2592 distinguenda
2464 2532 2617 2577 esse
2651 2515 2912 2577 inveni.
2963 2514 3070 2578 Ac
3115 2516 3414 2596 primum

645 2621 930 2703 quidem
979 2620 1371 2701 permultae
1420 2620 1760 2683 lectiones
1802 2619 2139 2699 vulgatae
2191 2620 2598 2700 discrepant
2647 2638 2691 2683 a
2738 2621 2984 2684 codice
3025 2620 3090 2683 H
3140 2622 3413 2684 ratione

643 2727 1035 2792 scribendi:
1104 2745 1270 2790 nam
1335 2726 1401 2789 H
1466 2726 1774 2788 litteram
1844 2732 1869 2788 t
1933 2731 2097 2788 ante
2167 2727 2192 2789 τ’
2258 2744 2417 2790 cum
2494 2726 2890 2808 insequenti
2958 2728 3195 2791 vocali
3271 2747 3415 2792 sae-

641 2835 929 2917 pissime
1020 2836 1091 2897 in
1178 2854 1212 2897 0
1291 2839 1675 2897 commutat
1693 2854 1710 2909 ;
1798 2838 2176 2913 praeterea
2266 2851 2393 2914 pro
2484 2834 2939 2915 diphthongis
3027 2856 3105 2898 ae
3195 2843 3268 2898 et
3347 2857 3418 2898 oe

641 2943 974 3008 scribitur
1021 2964 1072 3023 e,
1128 2960 1335 3022 quem
1388 2960 1585 3004 usum
1638 2941 1777 3003 iam
1828 2938 2267 3004 Hummelius
2317 2941 2387 3003 in
2441 2941 2884 3022 praefatione
2936 2960 3065 3005 sua
3116 2942 3413 3005 notavit.

641 3049 916 3114 Littera
991 3049 1032 3111 11
1106 3048 1387 3129 saepius
1462 3048 1717 3110 iniuria
1792 3047 2170 3127 apponitur
2247 3047 2554 3127 itemque
2635 3047 2995 3111 omittitur.
3091 3048 3412 3124 Accedit,

642 3156 830 3238 quod
905 3155 970 3218 H
1051 3161 1319 3219 certam
1408 3155 1727 3234 regulam
1814 3171 1953 3216 non
2036 3159 2321 3217 secutus
2403 3153 2610 3217 modo
2692 3155 2873 3236 ads-‚
2966 3155 3173 3218 modo
3254 3177 3418 3234 a33-,

638 3263 846 3327 modo
916 3264 1100 3344 adp„
1160 3261 1365 3324 modo
1422 3282 1585 3343 app-
1658 3259 1922 3340 scribit,
1992 3260 2155 3325 alia.
2251 3260 2388 3324 Sed
2454 3260 2636 3325 haec
2704 3261 2941 3324 omnia
3005 3266 3077 3324 et
3141 3262 3213 3324 in
3284 3263 3418 3325 Ita-

640 3372 869 3434 lorum
905 3368 1266 3433 codicibus
1301 3370 1601 3446 variant,
1634 3368 1967 3448 quoniam
1994 3367 2335 3431 minutiae
2368 3372 2529 3430 sunt
2562 3368 2711 3431 fere
2746 3368 3054 3431 omnium
3089 3368 3418 3433 codicum

637 3478 927 3542 saeculo
969 3476 1122 3540 XV.
1172 3477 1594 3557 scriptorum
1642 3476 1993 3557 propriae,
2030 3493 2251 3556 quare
2304 3476 2508 3555 infra,
2563 3476 2680 3540 ubi
2723 3475 2809 3538 de
2853 3475 3009 3539 aliis
3052 3475 3416 3539 codicibus

643 3584 955 3649 eiusdem
1026 3584 1280 3647 aetatis
1347 3585 1599 3663 agitur,
1669 3601 1881 3664 quam
1952 3583 2361 3646 brevissime
2418 3583 2593 3647 talia
2658 3582 3114 3663 complectar.
3211 3580 3418 3662 Quae

641 3693 881 3756 omnia
929 3692 1100 3754 nihil
1149 3698 1443 3772 prosunt
1489 3691 1557 3752 in
1609 3689 2159 3753 demonstranda
2221 3690 2515 3753 duorum
2575 3689 2898 3754 codicum
2955 3688 3416 3752 similitudine

639 3808 762 3864 aut
806 3798 1384 3862 dissimilitudine.
1436 3797 1736 3860 Tantum
1781 3797 1916 3861 hoc
1957 3798 2214 3878 probat
2257 3816 2344 3860 ea
2385 3796 2739 3861 scribendi
2781 3796 2984 3875 rati0,
3020 3813 3162 3875 qua
3197 3796 3416 3858 utitur

645 3909 873 3972 codex
938 3906 1491 3986 HummelianuS,
1559 3905 1774 3985 illum,
1832 3902 2177 3984 siquidem
2247 3904 2642 3984 exscriptus
2705 3908 2812 3966 est
2869 3921 2960 3965 ex
3018 3902 3418 3984 archetypo

640 4014 994 4094 Fuldensi‚
1040 4031 1177 4075 non
1212 4012 1507 4074 multum
1550 4017 1714 4073 ante
1757 4008 2306 4090 typographiam
2350 4010 2715 4072 inventam
2757 4027 2911 4072 esse
2945 4008 3414 4088 exscriptum:

638 4120 1149 4201 orthographia
1197 4119 1383 4182 enim
1431 4118 1579 4180 eius
1618 4123 1722 4180 est
1756 4116 2127 4196 recentior,
2179 4116 2376 4179 cuius
2423 4121 2708 4197 praeter
2757 4115 2901 4179 alia
2948 4115 3083 4179 hoc
3130 4133 3416 4197 quoque

640 4228 999 4309 proprium
1074 4232 1199 4305 est,
1277 4225 1463 4306 quod
1530 4242 1782 4287 nomen
1876 4243 2161 4286 oceanus
2246 4240 2373 4303 per
2457 4222 2631 4285 duas
2716 4240 2996 4304 semper
3077 4221 3417 4285 scribitur
3501 4227 3502 4244 ¹

638 4335 912 4397 litteras
960 4355 1013 4396 c.

816 4476 1133 4538 Alterum
1193 4474 1444 4537 deinde
1501 4492 1721 4553 genus
1778 4472 2160 4537 lectionum
2217 4470 2875 4534 Hummelianarum
2944 4470 3416 4551 singularium

636 4582 810 4645 illud
861 4587 984 4662 est,
1036 4582 1222 4662 quod
1271 4582 1640 4644 manifesto
1688 4579 1958 4643 librarii
2007 4579 2229 4642 errori
2271 4578 2566 4641 debetur
2608 4582 2678 4641 et
2720 4577 3141 4642 correctoris
3174 4594 3415 4641 emen·

637 4689 996 4752 dationem
1052 4689 1315 4768 effugit.
1412 4687 1724 4768 Cumque
1781 4687 1850 4748 in
1912 4685 2048 4748 illis
2106 4703 2234 4765 per
2292 4702 2368 4747 se
2423 4689 2690 4765 pateat,
2752 4702 2875 4748 eas
2935 4683 3109 4747 nihil
3166 4683 3415 4749 facere

633 4811 764 4877 pro
831 4795 1101 4875 origine
1173 4796 1434 4860 codicis
1505 4814 1549 4858 a
1615 4793 2044 4874 reliquorum
2102 4790 2429 4855 codicum
2496 4791 2766 4871 origine
2834 4791 3136 4871 diversa,
3195 4791 3416 4854 nullis
3497 4825 3498 4868 ;

642 4902 826 4965 notis
875 4902 1168 4964 adiectis
1216 4921 1306 4965 ex
1355 4901 1597 4964 ordine
1646 4918 1768 4964 eas
1816 4898 2241 4962 adscribam.
3497 4883 3498 4976 l
