3509 5600
1726 364 2213 426 -122—

580 576 740 621 cum
788 558 859 619 in
908 556 1106 620 nulla
1153 557 1297 619 alia
1338 556 1795 637 inscriptione
1836 556 2243 619 inveniatur
2283 557 2458 619 ritus
2501 556 2633 618 nisi
2666 556 2739 618 in
2773 560 3082 620 tractatu
3117 552 3251 616 illo
3292 589 3386 600 --

578 665 888 745 itemque
938 663 1164 727 codex
1213 663 1257 727 S
1306 664 1495 727 solus
1538 664 1864 727 Peucinos
1912 682 2067 744 cap.
2103 663 2330 727 XLVI
2379 668 2965 727 commemoratos
3011 666 3251 726 mutat
3305 660 3382 721 in

580 772 923 851 Prutz'anS,
975 771 1093 852 qui
1125 771 1326 834 nobis
1367 771 1618 833 iterum
1662 771 1851 852 apud
1891 771 2113 833 solum
2148 769 2466 833 Aeneam
2509 775 2910 835 occurrunt.
2962 769 3163 849 Quae
3205 785 3383 831 cum

580 877 680 939 ita
746 877 903 957 sint,
971 878 1210 940 facere
1276 895 1417 939 non
1485 878 1700 958 potui,
1761 878 1927 958 quin
1986 877 2303 941 codicem
2359 883 2675 941 nostrum
2723 877 3154 957 exscriptum
3213 892 3385 937 esse

583 990 823 1065 putem
891 1003 980 1047 ex
1046 969 1459 1064 apographo
1527 964 1815 1047 Aeneae
1882 983 2125 1064 Sylvii,
2200 985 2398 1048 cuius
2467 984 2889 1048 emendandi
2953 983 3184 1046 studio
3258 980 3444 1043 tri-‘

476 1092 479 1097 '
580 1093 793 1154 buam
857 1092 1066 1153 ritum
1127 1091 1323 1152 illum
1388 1096 1457 1153 et
1518 1092 1860 1155 Frutinos.
1957 1091 2109 1154 Iam
2172 1092 2571 1172 explicatur
2628 1109 2851 1170 genus
2913 1090 3083 1152 illud
3153 1089 3384 1151 inter-

585 1198 1041 1278 polationum,
1092 1198 1207 1261 ubi
1241 1198 1473 1261 virum
1516 1198 1798 1263 doctum
1841 1198 2067 1278 magis
2109 1199 2463 1261 memoria*
2496 1217 2707 1280 quam
2759 1198 2979 1262 oculis
3021 1198 3386 1261 confisum

582 1322 735 1367 esse
785 1310 1086 1385 apparet
1135 1304 1423 1385 (XLI10
1464 1306 1764 1390 iqnotum
1809 1306 1990 1385 olim,
2031 1306 2284 1372 XL115
2328 1306 2806 1369 universaliter
2841 1306 3000 1390 finis
3043 1304 3256 1383 alia);
3308 1307 3386 1366 et

580 1411 637 1473 si
686 1410 1267 1491 interpolationes
1316 1411 1578 1474 codicis
1611 1411 1655 1474 S
1705 1413 2109 1475 accuratius
2157 1413 2569 1493 inspexeris
2618 1412 2900 1493 saepius
2934 1430 3053 1474 eos
3094 1409 3384 1473 homini

583 1518 788 1581 docto
850 1517 1090 1580 deberi
1152 1518 1430 1581 senties,
1536 1517 1606 1582 Si
1665 1537 1835 1581 vero
1895 1518 1939 1582 S
1997 1537 2084 1581 ex
2145 1518 2558 1600 apographo
2618 1519 2903 1582 Aeneae
2972 1517 3379 1596 descendit,

585 1624 1052 1705 archetypum
1117 1624 1290 1686 illud
1357 1624 1552 1687 initio
1621 1626 1786 1687 anni
1851 1630 2017 1691 1458
2077 1630 2232 1688 erat
2299 1630 2668 1688 exaratum
2719 1631 2842 1687 aut
2890 1626 3379 1702 exarabatur3

585 1747 884 1811 cumque
935 1729 1319 1794 Germania
1374 1732 1569 1794 circa
1634 1750 1898 1794 annum
1960 1737 2123 1797 1457
2184 1732 2254 1793 in
2313 1731 2592 1794 Italiam
2655 1731 3081 1811 pervenerit,
3147 1731 3383 1809 longa

582 1839 799 1901 series
865 1838 1184 1901 codicum
1255 1840 1437 1901 inter
1494 1839 1912 1919 apographa
1967 1837 2506 1902 Henochianum
2565 1845 2635 1901 et
2683 1838 3093 1901 Aeneanum
3154 1838 3381 1899 inter-

582 1946 836 2009 cedere
904 1945 1090 2007 haud
1160 1945 1405 2025 potuit,
1474 1951 1543 2008 et
1615 1945 1991 2008 videndum
2059 1946 2199 2007 iam
2267 1948 2392 2025 est,
2452 1945 2543 2008 ad
2601 1962 2978 2026 quemnam
3037 1944 3380 2008 codicum

583 2052 951 2115 meliorum
1031 2052 1349 2132 proxime
1431 2051 1777 2116 accedere
1859 2052 2186 2114 videatur
2265 2052 2338 2132 S,
2424 2052 2480 2113 si
2560 2051 3140 2131 interpolationes
3216 2051 3381 2113 eius

582 2158 1000 2237 neglexeris
1097 2158 1300 2238 Quod
1349 2158 1404 2221 si
1452 2158 1593 2220 iam
1641 2158 1980 2222 lectiones
2029 2176 2094 2238 p.
2137 2163 2257 2224 116
2303 2163 2372 2220 et
2420 2161 2539 2224 117
2592 2162 2915 2220 enotatas
2964 2156 3380 2220 considera-

584 2265 793 2344 veris,
837 2284 874 2328 e
911 2266 1263 2328 nonnullis
1303 2265 1743 2346 corrupteliS,
1781 2283 1963 2345 quae
2012 2266 2079 2326 in
2133 2265 2298 2328 solis
2340 2264 2697 2329 codicibus
2731 2263 2843 2328 DS
2885 2263 3378 2341 inveniantur,

586 2372 917 2434 artiorem
966 2390 1223 2434 nexum
1272 2372 1455 2434 inter
1504 2372 1630 2434 hos
1678 2371 1958 2435 codices
2007 2376 2274 2435 statues
2321 2372 2423 2435 ita
2470 2373 2639 2450 fere,
2690 2377 2784 2450 ut,
2835 2389 2996 2434 cum
3044 2369 3377 2433 codicem

589 2476 652 2539 D
693 2479 1158 2559 archetypum
1200 2497 1399 2541 suum
1445 2478 1974 2558 diligentissime
2018 2479 2475 2560 exscripsisse
2510 2479 2833 2556 sciamus,
2871 2458 3378 2558 apographum

589 2584 876 2648 Aeneae
925 2603 1050 2664 pro
1100 2585 1320 2648 fratre
1371 2585 1632 2649 codicis
1673 2583 1733 2646 D
1785 2585 2192 2665 habeamuS,
2242 2586 2355 2649 cui
2404 2589 2651 2666 postea
2707 2584 2973 2646 inlatae
3030 2582 3168 2644 sint
3219 2599 3380 2645 cor-

590 2697 917 2754 recturae
966 2691 1351 2754 secundum
1401 2690 1521 2753 AB
1571 2692 1850 2771 generis
1911 2691 2425 2755 auctoritatem.
2475 2732 2558 2739 —-
2607 2691 2723 2754 Sic
2778 2690 2993 2752 etiam
3041 2694 3377 2769 apparet,

595 2798 939 2878 quomodo
988 2798 1252 2861 factum
1305 2799 1411 2878 sit,
1465 2804 1539 2860 ut
1581 2798 1808 2862 codex
1842 2798 1886 2862 S
1929 2799 1999 2861 in
2042 2798 2682 2878 Salzburgiensium
2717 2798 2890 2860 fines
2923 2796 3376 2877 pervenerit:

591 2905 848 2968 scimus
896 2905 1101 2984 enim,
1152 2904 1468 2968 Aeneam
1527 2910 1842 2968 nostrum
1901 2905 2283 2986 aliquando
2343 2910 2412 2967 et
2469 2903 2804 2985 Aspachii
2862 2902 3075 2965 fuisse
3131 2920 3378 2965 sacer-

589 3011 822 3074 dotem
871 3011 984 3092 (cf.
1046 3010 1125 3075 G.
1171 3012 1401 3093 Voigt,
1452 3012 1649 3074 Enea
1696 3011 1914 3075 Silvio
1965 3011 2437 3091 Piccolomini,
2488 3011 2714 3073 Berol.
2769 3014 2959 3089 1856,
3010 3009 3041 3071 Ι
3089 3026 3156 3089 p.
3208 3013 3375 3090 293)

581 3121 651 3180 et
723 3135 849 3198 per
915 3118 1251 3198 epistulas
1315 3119 1396 3181 de
1448 3119 1872 3200 patrimonio
1931 3119 2003 3181 in
2053 3118 2321 3200 Aspach
2383 3116 2587 3180 datas
2644 3115 3208 3195 conglutinatum
3264 3120 3377 3178 est

586 3224 920 3287 volumen
968 3231 1320 3287 nostrum:
1369 3225 1669 3287 fortasse
1717 3224 1999 3286 Aeneas
2057 3222 2453 3304 apographi
2509 3222 2614 3284 sui
2674 3221 3116 3286 describendi
3177 3219 3373 3284 Salz-

589 3331 1079 3410 burgiensibus
1114 3330 1308 3393 dedit
1340 3331 1775 3410 facultatem,
1813 3330 2230 3411 quibuscum
2264 3347 2353 3392 ex
2388 3327 2858 3409 Aspachiensi
2891 3329 3010 3391 illo
3045 3333 3375 3408 tempore

587 3437 780 3519 (anni
826 3442 992 3501 1444
1041 3437 1513 3518 sequentium)
1563 3455 1766 3499 usum
1813 3436 2078 3499 habuit.
