3509 5600
616 633 808 691 Effifi‘)
884 721 917 732 ..
1028 612 1033 711 ἱ
1334 668 1389 726 Η
1678 638 1681 699 :
1983 669 2036 725 v
2330 650 2334 729 ἶ
2568 668 2609 732 ὁ

496 721 921 780 Muellenhoffi1
1028 724 1033 803 1

186 669 298 744 Cap.

124 888 269 942 XLVI
285 891 346 939 26
675 890 741 941 ut
1320 890 1387 941 ut

634 979 791 1030 esset
1274 979 1431 1031 esset
1674 998 1679 1027 ι
1975 998 2039 1005 -
2555 998 2622 1007 -

285 1069 344 1118 27
559 1060 860 1119 HelluSIos
1028 1110 1031 1121 .
1211 1061 1493 1120 hellusios
1672 1068 1677 1141 j
1975 1088 2036 1095 —
2556 1088 2620 1095 -

521 1158 584 1210 et
630 1148 884 1209 Oxionas
1028 1214 1032 1233 Ι
1181 1158 1241 1209 et
1288 1151 1528 1209 oxionas
1672 1148 1678 1305 ι
1725 1151 1980 1225 oxionaS,
2036 1151 2262 1210 etionas
2428 1153 2743 1212 oxionas..

1028 1286 1031 1295 .
1106 1241 1165 1298 in
1200 1260 1278 1298 m.
1310 1240 1383 1299 al.
1416 1240 1603 1299 ehone
1969 1265 2034 1274 -
2090 1239 2193 1319 [V²
2227 1260 2304 1300 m.
2333 1264 2334 1275 ¹
2554 1267 2620 1275 -

284 1337 344 1385 28
553 1329 867 1405 voltusque
1323 1354 1383 1362 -
1674 1308 1679 1411 ἵ
1862 1329 2148 1410 vultusqg
2331 1344 2334 1353 ·
2555 1355 2621 1364 -

284 1426 344 1474 29
488 1417 914 1494 incompertum
1322 1445 1386 1454 --
1676 1420 1681 1467 ἲ
1821 1419 2186 1495 incopertum
2555 1446 2619 1452 —

1322 1531 1387 1539 -
1678 1556 1682 1585 ,
1882 1508 2130 1584 Cornelii
2555 1534 2617 1542 -

534 1596 893 1672 Subsmptio
1322 1622 1387 1630 -
1677 1602 1681 1637 ¹
1791 1597 1956 1656 taciti
2003 1598 2077 1656 de
2123 1597 2236 1656 ori-
2553 1623 2619 1631 -

486 1686 665 1743 rubro
711 1686 929 1761 liquore
1324 1711 1388 1718 -
1678 1652 1683 1747 f
1801 1687 1936 1761 gine
1981 1694 2041 1745 et
2089 1687 2207 1745 situ
2551 1712 2617 1720 —

573 1780 838 1833 escarum:
1323 1800 1388 1808 -
1792 1775 2187 1834 Gemanorum
2213 1772 2218 1857 Ι
2553 1801 2618 1809 -

1680 1932 1683 1955 Ι
1775 1865 1926 1923 liber
1969 1865 2227 1941 explicit.

278 2392 598 2459 Collectis
646 2393 773 2456 tali
819 2393 1027 2456 modo
1075 2394 1495 2459 lectionibus
1537 2394 1861 2459 codicum
1902 2400 2300 2458 nostrorum
2342 2393 2828 2458 accedendum

121 2499 218 2562 erit
240 2501 317 2563 ad
347 2500 887 2583 disputationem
923 2501 1009 2565 de
1042 2503 1397 2565 communi
1425 2521 1668 2566 eorum
1695 2503 1889 2566 fonte
1919 2502 2338 2567 habendam.
2376 2500 2582 2581 Quod
2609 2500 2833 2581 prius-

121 2623 285 2686 quam
325 2608 685 2689 faciamUS,
735 2608 1159 2672 monendum
1204 2609 1376 2673 mihi
1422 2609 1704 2674 videtur
1762 2629 1936 2691 esse,
1997 2629 2086 2674 ne
2142 2609 2583 2689 lectionibus,
2647 2624 2834 2688 quae

122 2714 274 2777 nobis
305 2733 341 2778 e
374 2716 517 2779 solo
547 2720 670 2778 aut
695 2713 760 2778 H
792 2722 914 2779 aut
942 2715 1004 2779 V
1024 2724 1355 2780 servatae
1381 2722 1545 2780 sunt
1577 2718 1829 2782 silente
1856 2718 2080 2781 altero
2108 2721 2306 2795 teste,
2333 2715 2548 2778 fidem
2575 2713 2834 2777 habea-

124 2838 260 2885 mus:
298 2841 717 2906 quamquam
754 2827 939 2890 enim
969 2827 1251 2909 saepius
1279 2828 1434 2890 veri
1470 2832 1577 2891 est
1609 2828 1856 2908 simile,
1893 2828 1963 2890 in
2002 2828 2225 2890 altero
2261 2842 2541 2905 quoque
2581 2821 2830 2887 codice

124 2929 363 2993 eandem
417 2932 769 2996 exstitisse
824 2934 1228 3014 lectionem,
1300 2939 1538 2998 tamen
1609 2934 1680 2997 in
1750 2933 2261 2999 recentioribus
2325 2930 2430 2994 his
2492 2935 2564 2994 et
2624 2930 2834 2992 inter-

125 3036 323 3112 polatis
395 3039 754 3104 codicibus
831 3047 1171 3121 quantum
1249 3059 1617 3122 possumus
1695 3058 2081 3105 caveamus
2167 3055 2458 3102 necesse
2538 3040 2664 3115 est,
2741 3052 2831 3098 ne

125 3144 546 3209 conclusiones
616 3146 959 3210 faciamus
1023 3166 1062 3211 e
1126 3147 1402 3211 silentio
1470 3148 1771 3211 testium.
1867 3147 2110 3228 Neque
2175 3163 2345 3208 vero
2413 3162 2574 3208 cum
2643 3144 2826 3206 tales

127 3249 439 3315 omittimus
494 3252 853 3333 lectiones,
915 3272 1250 3334 magnam
1311 3254 1656 3318 faciemus
1704 3254 2086 3316 iacturam:
2137 3270 2320 3333 quae
2369 3270 2482 3315 res
2531 3250 2825 3315 consilio

129 3371 311 3421 eorum
366 3360 781 3442 explicatur,
847 3361 962 3442 qui
1030 3361 1278 3424 horum
1343 3362 1667 3425 codicum
1732 3360 2147 3425 collationes
2209 3360 2553 3423 fecerunt.
2647 3357 2829 3420 Nam

64 3515 67 3532 ,
128 3462 298 3529 codex
345 3465 408 3530 H
465 3467 703 3531 multis
766 3468 1027 3532 abhinc
1095 3468 1298 3531 annis
1370 3467 1671 3532 collatus
1741 3473 1848 3531 est
1911 3467 1997 3529 ad
2065 3467 2337 3547 priscas
2402 3463 2829 3529 Germaniae

128 3567 419 3656 editiones,
493 3574 742 3655 quibus
821 3575 1085 3638 multae
1147 3575 1596 3656 corruptelae
1657 3574 1939 3638 inerant
1997 3574 2205 3637 hodie
2285 3574 2600 3635 virorum
2672 3571 2832 3634 doc·

130 3681 299 3741 torum
374 3699 589 3762 opera
673 3681 1031 3760 sublatae;
1130 3699 1431 3763 cumque
1521 3681 1873 3744 interdum
1962 3681 2190 3744 codex
2280 3679 2346 3742 H
2439 3697 2599 3743 cum
2696 3684 2830 3739 tra-

133 3779 334 3850 ditione
394 3789 690 3868 vulgata
764 3789 1209 3852 consentiens
1284 3789 1666 3869 genuinam
1742 3788 2112 3851 exhiberet
2181 3787 2577 3864 lectionem,
2645 3784 2830 3848 haec

133 3886 226 3952 illis
257 3892 413 3957 viris
458 3900 611 3959 erat
658 3894 1048 3975 enotanda;
1099 3901 1349 3959 contra
1396 3896 1625 3960 codex
1657 3894 1738 3976 V,
1789 3895 2186 3958 novissimis
2234 3894 2511 3956 demum
2565 3901 2830 3972 tempo-

134 3994 273 4061 ribus
316 4001 621 4082 collatuS,
671 4003 852 4065 tales
900 4003 1237 4066 lectiones
1286 4003 1633 4083 genuinas
1681 4008 1751 4065 et
1801 4021 1844 4064 a
1892 4005 2226 4065 contextu
2271 4000 2648 4063 verborum
2692 3998 2824 4060 dis-

134 4115 438 4185 crepantes
483 4109 623 4172 iam
670 4127 810 4172 non
860 4109 1262 4174 exhibebat.
1358 4108 1519 4189 Qua
1574 4127 1651 4172 re
1708 4109 1975 4172 factum
2034 4112 2158 4186 est,
2224 4111 2298 4170 ut
2352 4106 2588 4169 multis
2651 4104 2827 4168 locis

134 4206 435 4278 lectionem
483 4216 793 4297 aliquam
842 4216 1230 4280 habeamus
1279 4235 1317 4279 e
1368 4216 1613 4280 codice
1661 4215 1726 4278 H
1775 4218 2135 4278 enotatam
2193 4231 2491 4294 eamque
2539 4211 2825 4274 minime

134 4312 509 4402 singularem,
575 4340 737 4386 cum
797 4322 1094 4386 eandem
1157 4323 1532 4386 lectionem
1592 4322 1663 4384 in
1721 4320 2215 4385 collationibus
2265 4320 2528 4384 codicis
2577 4319 2639 4382 V
2687 4334 2826 4380 non

134 4431 353 4490 exstare
396 4428 579 4492 haud
628 4429 1009 4494 doleamus

260 4549 502 4617 Contra
545 4554 615 4617 in
665 4553 910 4619 codice
944 4552 1007 4615 V
1054 4554 1484 4618 conferendo
1531 4571 1797 4633 magna
1844 4570 2005 4616 cum
2055 4551 2421 4631 diligentia
2467 4551 2537 4613 id
2587 4561 2825 4614 actum

134 4659 207 4715 est
242 4675 280 4719 a
323 4660 477 4724 viris
523 4661 765 4743 doctis,
824 4667 900 4724 ut
950 4680 1163 4725 unam
1211 4678 1565 4743 quamque
1613 4659 1907 4723 rationis
1954 4657 2301 4724 scribendi
2353 4656 2822 4720 differentiam

134 4769 453 4848 enotarent,
495 4786 707 4850 quam
746 4787 896 4833 rem
938 4771 1006 4832 in
1053 4769 1298 4833 codice
1341 4767 1406 4830 H
1448 4785 1587 4830 non
1631 4766 1880 4830 eodem
1923 4764 2213 4829 consilio
2255 4764 2608 4845 persecuti
2640 4773 2823 4825 sunt.

136 4861 229 4929 Sed
278 4870 400 4937 hoc
456 4893 667 4956 aegre
729 4893 868 4939 non
934 4877 1259 4956 feremus,
1333 4875 1667 4955 quoniam
1736 4880 1977 4935 notum
2047 4871 2247 4934 nobis
2316 4874 2440 4950 est,
2514 4885 2824 4951 quanam
