3509 5600
1260 400 1698 461 ..71—

517 585 687 668 Cap.
926 587 986 650 V
1035 596 1407 671 corruptus
1775 590 1841 654 H
1889 592 2125 674 (lectio
2173 593 2495 674 vulgata)

596 712 783 777 V111
925 726 1029 778 aut
1062 722 1245 796 galeae
1779 728 1882 779 aut
1924 724 2116 797 qaleae

588 820 691 883 XI
749 829 785 884 3
920 833 1376 903 praetraetentur
1768 836 2190 904 pertractentur

512 926 685 991 XIX
750 936 786 992 3
826 996 831 1004 ,
915 936 1142 1010 pariter
1185 941 1237 993 et
1765 938 1993 1012 pariter
2037 957 2103 996 ac

511 1033 689 1098 XXI
746 1043 782 1099 3
924 1042 1110 1099 luitur
1152 1043 1324 1099 etlam
1777 1044 1963 1101 luitur
2007 1045 2166 1101 enim
2212 1046 2389 1102 etiam

442 1140 688 1206 XXIX
745 1152 781 1207 3
922 1150 1065 1207 olim·
1100 1151 1363 1226 populus
1775 1151 2077 1229 quondam
2112 1152 2374 1227 populus

376 1250 690 1314 XXXIII
708 1257 787 1317 10
923 1275 989 1314 ac
1033 1262 1172 1314 certe
1774 1264 1832 1315 at
1878 1264 2018 1315 certe
2419 1242 2424 1249 ,

937 1412 999 1474 V
1045 1414 1529 1495 interpolatus,

554 1537 687 1600 VII
748 1545 783 1602 6
922 1563 1103 1618 neque
1147 1545 1433 1601 verberare
1775 1564 1846 1601 ne
1895 1546 2177 1602 verberare

380 1644 689 1708 XXXVI
747 1652 783 1709 8
922 1651 1076 1726 fossi
1776 1651 1899 1727 fosi

312 1751 780 1817 XXXVIIlii
922 1760 1009 1816 rei
1054 1759 1237 1832 liycmt
1773 1759 2096 1832 rele‘yant*)

262 1948 366 2011 Ex
414 1949 522 2011 his
572 1967 754 2030 quae
797 1950 999 2012 attuli
1044 1950 1386 2031 exemplis
1428 1951 1599 2014 satis
1641 1950 1810 2013 mihi
1854 1969 2203 2031 apparere
2242 1950 2518 2013 videtur
2551 1950 2621 2013 id
2667 1950 2856 2031 quod

32 2060 33 2065 ’
114 2055 228 2117 iam
271 2074 424 2118 sum
474 2056 1112 2122 demonstraturus:
1165 2076 1593 2139 quamquam
1644 2058 1827 2120 inter
1877 2076 1951 2120 se
1995 2057 2322 2120 simillimi
2367 2064 2528 2118 sunt
2571 2056 2854 2121 codices

114 2159 164 2222 H
190 2167 252 2224 et
283 2161 363 2243 V,
415 2166 652 2225 tamen
701 2182 931 2245 neque
979 2163 1044 2227 H
1093 2183 1131 2228 e
1165 2164 1227 2225 V
1260 2183 1489 2246 neque
1523 2164 1585 2228 V
1617 2183 1655 2227 0
1689 2164 1754 2227 H
1803 2164 2146 2243 originem
2196 2163 2414 2226 duxit.
2477 2163 2655 2226 Nam
2691 2183 2854 2228 cum

113 2266 180 2330 de
221 2269 579 2332 codicibus
628 2269 1093 2335 deterioribus
1142 2276 1212 2335 et
1260 2271 1702 2352 interpolatis
1742 2310 1818 2318 —-
1865 2270 2051 2350 quod
2085 2270 2407 2334 hocloco
2450 2270 2596 2333 fieri
2645 2288 2851 2333 nemo

112 2376 369 2455 negabit
419 2417 500 2424 —-
556 2378 920 2457 quaeritur
971 2387 1124 2442 uter
1166 2379 1387 2441 utrius
1437 2378 1647 2441 fuerit
1696 2377 2184 2458 archetypum,
2235 2396 2522 2440 necesse
2571 2381 2677 2440 est
2725 2377 2855 2440 hos

30 2542 31 2549 ,
112 2481 363 2546 codices
429 2482 674 2545 iisdem
740 2502 1020 2566 semper
1073 2486 1246 2550 locis
1303 2485 1963 2565 interpolationibus
2029 2484 2375 2561 laborare,
2435 2489 2557 2545 aut
2621 2502 2855 2547 exem-

112 2588 242 2667 plar
301 2589 733 2671 descriptum
788 2592 906 2655 vel
970 2593 1176 2673 plura
1232 2593 1533 2672 vestigia
1597 2591 2071 2655 emendatoris
2150 2592 2503 2654 temerarii
2585 2591 2853 2654 habere

28 2760 31 2765 ,
111 2695 177 2758 118
226 2697 505 2778 quidem
561 2698 755 2778 locis,
807 2699 1058 2779 quibus
1119 2699 1472 2779 integrum
1531 2705 1637 2762 est
1700 2699 2198 2780 archetypum:
2261 2698 2396 2762 hoc
2453 2699 2636 2760 enim
2700 2698 2854 2761 fieri

28 2803 29 2810 ’
111 2806 342 2886 nequit,
394 2810 469 2868 ut
512 2805 880 2887 exemplar
929 2806 1359 2888 descriptum
1409 2807 1887 2888 compluribus
1936 2807 2128 2886 10018,
2184 2807 2298 2868 ubi
2349 2806 2852 2887 interpolatum

28 2979 29 2982 Ἴ
109 2921 196 2973 081
266 2914 763 2994 archetypum,
841 2915 1222 2993 genuinam
1304 2914 1640 2977 exhibeat
1717 2914 2115 2978 lectionem.
2223 2914 2473 2995 Itaque
2553 2913 2611 2975 si
2678 2912 2853 2974 duos

28 3033 29 3050 ¹
107 3015 419 3083 habemus
482 3020 784 3101 00111008,
851 3021 970 3101 qui
1031 3021 1132 3084 ita
1195 3021 1377 3084 inter
1441 3040 1515 3084 se
1579 3021 1928 3100 differunt,
1991 3027 2063 3082 ut
2121 3022 2342 3084 altero
2392 3022 2548 3083 loco
2598 3020 2716 3083 hic
2763 3021 2854 3082 sit

108 3123 565 3208 interpolatuS,
629 3127 749 3190 ille
813 3128 1106 3208 integer,
1175 3129 1399 3191 altero
1450 3146 1621 3191 vero
1679 3127 1796 3191 hic
1842 3128 2137 3206 integer,
2187 3129 2305 3190 ille
2356 3128 2846 3208 interpolatus,

28 3301 31 3314 J
108 3233 484 3312 negandum
540 3237 647 3297 est
704 3235 1006 3298 alterum
1070 3254 1159 3299 ex
1222 3237 1447 3299 altero
1511 3235 1979 3315 descendisse,
2044 3241 2115 3298 et
2174 3235 2244 3298 id
2311 3235 2536 3298 solum
2602 3253 2850 3299 conce-

28 3343 29 3406 ]
108 3335 403 3419 dendum,
455 3358 594 3420 008,
643 3341 986 3422 siquidem
1038 3343 1210 3405 nihil
1273 3343 1464 3406 aliud
1528 3344 1777 3424 obstet,
1837 3344 1956 3405 uni
2015 3343 2381 3424 eidemque
2440 3342 2852 3406 tribuendos

28 3511 29 3518 χ
107 3460 234 3508 0880
297 3448 708 3529 archetypO,
775 3467 911 3530 quo
969 3450 1041 3512 in
1092 3450 1555 3514 describendo
1598 3472 1828 3532 pauca
1877 3450 2269 3513 meliuscula
2315 3452 2547 3535 facere
2610 3449 2849 3512 conati

107 3550 221 3614 81111
264 3553 554 3635 librarii,
605 3561 819 3637 atque
871 3565 944 3619 ut
990 3558 1086 3635 fit,
1138 3558 1318 3620 alter
1367 3558 1520 3637 hoc,
1572 3558 1753 3620 alter
1801 3557 1919 3620 illo
1971 3558 2146 3620 1000.

28 3739 29 3742 ,
257 3677 488 3759 Atque
536 3679 594 3741 si
641 3680 784 3742 iam
835 3681 1318 3745 demonstrare
1363 3683 1740 3762 8101101008,
1785 3681 2144 3745 codicibus
2179 3679 2241 3742 H
2276 3687 2346 3742 et
2380 3679 2438 3741 V
2474 3697 2847 3743 commune

28 3791 29 3862 ζ
103 3783 429 3860 quoddam
466 3785 680 3849 fuisse
709 3787 1195 3869 archetypum,
1225 3789 1750 3869 comparandae
1785 3789 1985 3851 nobis
2012 3795 2220 3850 erunt·
2243 3805 2482 3849 omnes
2511 3786 2850 3849 lectiones

28 3949 29 3956 ,
105 3888 400 3954 0011100111
458 3890 523 3954 H
580 3899 652 3956 et
699 3894 788 3956 V:
839 3894 1053 3957 etiam
1101 3895 1238 3958 hac
1290 3896 1356 3957 in
1404 3915 1482 3959 re
1539 3914 1923 3977 numquam
1974 3914 2010 3958 e
2059 3894 2334 3957 silentio
2393 3893 2516 3955 sed
2566 3894 2849 3956 omnino

28 4069 29 4090 3
107 3994 216 4059 nisi
282 3998 577 4062 duorum
644 4000 964 4065 codicum
1040 4002 1436 4064 testimonio
1504 4003 1649 4065 nixi
1718 4002 2205 4066 conclusiones
2272 4020 2410 4063 non
2480 4001 2842 4065 faciemus,

28 4101 31 4120 *
104 4098 284 4181 Quod
325 4123 486 4169 cum
528 4106 846 4187 facimus,
891 4126 1133 4171 earum
1179 4127 1456 4190 quoque
1499 4110 1900 4188 lectionum,
1936 4127 2112 4190 quas
2145 4127 2234 4171 ex
2269 4113 2566 4189 utroque
2602 4108 2848 4173 codice

102 4210 278 4274 nobis
324 4219 798 4276 servaverunt
845 4214 978 4277 viri
1031 4215 1239 4292 docti,
1299 4216 1680 4278 nonnullae
1748 4222 1910 4278 sunt
1971 4216 2480 4280 removendae:
2547 4233 2847 4296 quarum

28 4313 29 4372 ὲ
100 4312 154 4376 111
198 4334 485 4382 numero
534 4320 874 4401 imprimis
922 4329 1084 4385 sunt
1131 4322 1372 4386 sordes
1430 4321 2044 4406 orthographicae.
2140 4321 2318 4384 Nam
2383 4323 2566 4403 quod
2631 4340 2850 4403 supra

100 4425 334 4505 monui,
398 4444 627 4508 neque
692 4428 920 4493 codici
976 4430 1041 4493 H
1084 4428 1325 4516 {neque
1393 4429 1621 4494 codici
1671 4428 1731 4491 V
1781 4429 2361 4509 orthographiam
2409 4448 2561 4491 esse
2612 4433 2848 4492 certas

100 4527 272 4611 leges
318 4539 749 4616 sequentem,
800 4554 882 4599 eo
931 4538 1027 4608 fit,
1081 4542 1156 4599 ut
1203 4537 1486 4618 saepius
1534 4537 1604 4599 in
1655 4536 2182 4617 orthographia,
2229 4536 2553 4616 quamvis
2596 4536 2848 4599 eadem

98 4635 225 4702 fere
274 4641 549 4722 utrique
600 4643 827 4707 codici
875 4644 983 4724 sit,
1034 4643 1438 4724 discrepent
1486 4645 1788 4727 00111008,
1833 4663 2060 4727 neque
2104 4646 2336 4709 evinci
2380 4645 2618 4726 possit,
2655 4643 2849 4725 quid-

252 4824 300 4898 *)
347 4825 609 4883 Accedat
662 4827 780 4885 huc
834 4827 1127 4903 glossema
1182 4827 1349 4901 illud,
1409 4829 1568 4904 quod
1623 4848 1747 4905 cap.
1796 4829 2087 4888 XLHI14
2144 4829 2204 4886 in
2249 4834 2475 4887 textum
2524 4829 2744 4888 codicis
2792 4826 2850 4884 V

98 4909 342 4989 irrepsit:
390 4918 443 4996 ξ
488 4914 575 4972 vel
618 4915 782 4975 alios,
