3509 5600
1797 390 2278 451 —108—

824 580 1154 645 Exaratis
1225 581 1326 643 ita
1398 579 1894 644 collationibus
1966 598 2107 644 una
2178 581 2414 646 adhuc
2491 600 2603 645 res
2673 583 2985 664 impedit,
3054 585 3410 665 quominus

647 690 882 754 statim
934 689 1027 752 ad
1067 690 1374 771 ipsorum
1420 688 1743 752 codicum
1787 688 2057 752 indoles
2098 689 2282 753 inter
2322 707 2398 753 se
2444 691 2912 755 conferendas
2945 696 3410 754 transeamus:

651 815 814 860 nam
861 797 1103 859 varias
1150 809 1597 860 correcturas
1644 797 1835 876 passi
1884 802 2047 860 sunt
2094 797 2160 860 M
2211 805 2281 861 et
2333 797 2378 861 S
2428 798 2872 879 primumque
2921 797 3410 879 disputandum

649 904 801 984 erit,
853 921 1204 984 quaenam
1252 902 1425 965 fides
1473 902 1580 965 his
1627 903 1716 966 sit
1765 903 2115 968 habenda.
2210 903 2456 985 Neque
2521 905 2818 968 multum
2881 905 3259 969 dicendum
3316 912 3412 969 est

648 1010 735 1074 de
784 1008 1029 1094 codice
1076 1009 1178 1087 Μ;
1238 1027 1719 1090 quascumque
1770 1009 1953 1072 enim
2005 1018 2453 1075 correcturas
2510 1011 2815 1088 exhibet,
2874 1020 3212 1074 exaratas
3268 1029 3410 1074 esse

650 1119 740 1181 ab
807 1117 1120 1181 eiusdem
1185 1117 1455 1180 librarii
1528 1135 1771 1196 manu,
1845 1118 1962 1198 qui
2019 1119 2245 1200 ipsum
2306 1124 2712 1183 contextum
2765 1119 3205 1199 conscripsit,
3255 1118 3412 1180 mihi

647 1242 1061 1305 persuasum
1125 1228 1259 1287 est:
1328 1223 1446 1304 qui
1506 1223 1923 1304 plerumque
1983 1224 2123 1287 iam
2186 1225 2367 1288 inter
2432 1225 2809 1293 scribenda
2864 1227 3089 1288 verba
3144 1242 3410 1288 errasse

646 1349 721 1394 se
777 1330 1125 1393 intellexit
1194 1330 1637 1410 mutavitque
1699 1330 2041 1394 mutanda
2110 1338 2528 1412 atramentO,
2592 1332 2967 1395 nonnullas
3033 1349 3202 1393 vero
3276 1348 3412 1395 cor-

645 1440 965 1501 recturas
1016 1437 1210 1500 finito
1260 1435 1460 1515 libro,
1507 1454 1666 1499 cum
1718 1437 1996 1499 titulum
2049 1443 2120 1501 et
2174 1439 2448 1502 litteras
2502 1457 2678 1520 quas
2721 1455 3062 1502 vocamus
3109 1436 3410 1500 initiales

646 1544 858 1606 minio
907 1543 1251 1625 pingeret,
1303 1543 1371 1605 in
1421 1543 1785 1624 religendo
1835 1543 2013 1607 libro
2063 1546 2340 1609 notavit
2388 1547 2621 1610 minio,
2708 1544 2921 1610 Cuius
2969 1544 3409 1622 correcturiS,

649 1667 807 1714 cum
859 1649 1232 1713 admodum
1284 1650 1640 1730 simplices
1687 1652 1827 1713 sint
1875 1655 1945 1714 et
1995 1652 2408 1733 plerumque
2446 1654 2821 1716 verborum
2873 1669 3224 1715 conexum
3274 1668 3412 1715 cor-

646 1757 929 1838 ruptela
961 1756 1200 1837 aliqua
1235 1755 1539 1820 deletum
1577 1758 1972 1837 restituant,
2009 1758 2306 1821 eandem
2344 1759 2837 1823 auctoritatem
2875 1776 3084 1839 quam
3130 1758 3413 1839 reliquis

646 1863 910 1927 codicis
956 1863 1376 1927 lectionibus
1426 1862 1690 1926 habere
1740 1864 1999 1928 licebit.
2038 1903 2122 1911 —
2155 1864 2397 1945 Longe
2447 1865 2591 1928 alia
2638 1883 2867 1946 neque
2917 1869 3063 1928 tam
3109 1864 3408 1945 simplex

644 1988 758 2033 res
814 1974 920 2033 est
976 1969 1045 2031 in
1105 1968 1349 2033 codice
1397 1968 1462 2033 S.
1559 1968 1696 2049 Qui
1753 1969 1980 2033 codex
2040 1988 2084 2033 a
2132 1989 2268 2052 quo
2319 1972 2606 2034 librario
2656 1972 3097 2052 conscriptus
3146 1976 3274 2051 est,
3323 1971 3407 2034 ab

648 2076 890 2140 eodem
945 2082 1424 2139 correcturam
1477 2093 1754 2156 quoque
1803 2095 2052 2158 passus
2102 2082 2208 2140 est
2257 2078 2683 2157 continuam,
2734 2095 2937 2158 quae,
2983 2082 3057 2140 ut
3099 2095 3140 2139 e
3185 2076 3412 2141 lectio-

645 2182 849 2246 nibus
882 2182 948 2244 in
988 2182 1480 2246 collationibus
1524 2184 1778 2246 nostris
1813 2190 1981 2246 nota
2012 2183 2081 2267 81
2122 2185 2391 2247 ornatis
2425 2188 2744 2266 apparet,
2781 2189 2903 2247 aut
2937 2183 3408 2265 corruptelam

645 2291 952 2372 aliquam
1017 2292 1436 2371 corrigendo
1495 2292 1609 2355 vel
1674 2291 2168 2372 interpolando
2232 2299 2474 2354 natam
2536 2292 2607 2353 in
2671 2292 2970 2354 formam
3031 2291 3409 2370 genuinam

643 2396 971 2478 redigunt
1013 2403 1135 2461 aut
1177 2406 1247 2461 et
1289 2399 1486 2479 ipsae
1533 2398 2025 2478 interpolando
2074 2398 2378 2462 student.
2431 2397 2625 2478 Quas
2673 2402 3120 2462 correcturas
3171 2413 3408 2459 omnes

642 2522 729 2567 ex
796 2503 1040 2566 ordine
1112 2507 1402 2568 enotare
1474 2504 1707 2584 nolim,
1777 2523 1863 2566 ne
1928 2504 2132 2567 nimis
2196 2505 2406 2585 spatii
2471 2505 2540 2567 in
2586 2522 2662 2567 re
2724 2504 3012 2567 minoris
3077 2501 3408 2566 momenti

644 2628 1052 2675 consumam
1121 2611 1504 2692 relegoque
1574 2615 1954 2691 propterea
2018 2610 2354 2674 lectorem
2423 2609 2513 2673 ad
2569 2609 3005 2689 collationeS,
3063 2627 3102 2672 e
3161 2609 3409 2691 quibus

648 2721 1047 2800 cognoscet,
1096 2719 1353 2781 multas
1401 2735 1539 2780 non
1584 2735 1735 2780 esse
1779 2717 2142 2798 lectioneS,
2189 2735 2372 2798 quae
2414 2721 2889 2780 correctorem
2923 2719 3243 2778 nostrum
3277 2714 3410 2778 alio

647 2826 837 2889 fonte
910 2843 1122 2906 quam
1194 2825 1581 2906 archetypo
1650 2830 1719 2888 et
1784 2825 2138 2904 ingeniolo
2207 2842 2330 2888 suo
2400 2843 2598 2887 usum
2671 2841 2823 2887 esse
2896 2822 3410 2886 demonstrent:

646 2932 961 3014 excipias
1010 2950 1167 3013 cap.
1203 2932 1512 2995 XXVIII
1537 2940 1594 3013 1,
1644 2932 1761 2995 ubi
1811 2931 1855 2995 S
1905 2950 2065 2996 cum
2116 2931 2478 2996 codicibus
2527 2929 2646 2996 CD
2695 2930 2983 2994 exhibet
3032 2937 3407 3008 auctorum,

644 3037 714 3121 Sl
767 3056 927 3102 cum
991 3038 1351 3103 codicibus
1400 3038 1519 3101 AB
1576 3038 1666 3101 al.
1717 3044 1920 3101 autor
1969 3038 2039 3099 in
2088 3055 2214 3114 m.;
2282 3037 2539 3100 addam
2598 3036 2971 3099 nonnullos
3027 3036 3245 3116 10008,
3297 3034 3411 3100 ubi

648 3148 892 3225 aperte
940 3163 1065 3208 suo
1113 3145 1341 3207 Marte
1392 3144 1681 3224 corrigit
1728 3143 1833 3227 81ε

902 3349 1057 3411 cap.
1107 3331 1274 3394 1115
1371 3336 1410 3395 S
1480 3384 1487 3393 .
1598 3336 1954 3409 inyaenones
2246 3335 2310 3413 81
2349 3336 2700 3409 inqvenones
2735 3335 2822 3409 (L.
2857 3335 3017 3411 vulg.
3048 3333 3416 3409 inyaevones)

1198 3445 1273 3502 17
1371 3437 1531 3501 SLv.
1603 3442 1702 3500 deo
2244 3441 2307 3519 81
2345 3442 2416 3499 al.
2451 3441 2583 3499 deos
2612 3442 2647 3499 i.
2681 3461 2755 3500 m.

1009 3543 1176 3607 VIII
1242 3552 1277 3608 8
1373 3550 1412 3609 8
1601 3550 1778 3607 sed'm
2244 3548 2308 3626 81
2347 3549 2491 3606 solm
2522 3548 2556 3606 i.
2588 3567 2662 3606 m.
2694 3549 2784 3626 (82
2822 3549 2925 3607 Lv.
2958 3552 3123 3623 setm)

1036 3651 1175 3714 XII
1243 3659 1273 3714 1
1372 3657 1528 3716 SLv.
1607 3675 1834 3731 quoque
2249 3655 2310 3732 Sl
2351 3656 2424 3713 al.
2458 3674 2739 3731 quemque
2770 3656 2805 3714 i.
2840 3675 2917 3715 m.

931 3757 1174 3820 XXIII
1244 3765 1272 3820 1
1373 3762 1412 3822 S
1426 3763 1531 3821 LV.
1607 3762 1907 3836 frumento
2245 3761 2307 3838 81
2346 3761 2649 3836 frumenta

831 3863 1174 3927 XXXVII
1199 3871 1277 3928 13
1372 3869 1529 3928 SLv.
1606 3869 1839 3926 samnis
2249 3868 2312 3946 81
2351 3869 2564 3925 sannis

1045 3969 1171 4033 XL
1240 3974 1273 4035 7
1369 3974 1410 4034 S
1599 3993 1857 4032 ammone
2245 3974 2307 4051 81
2347 3975 2614 4032 mamm
2659 3973 2857 4051 (S2Lv.
2906 3974 2976 4032 in
3018 3976 3351 4047 commune)

824 4193 1156 4274 Exceptis
1218 4192 1325 4255 his
1385 4191 1558 4256 locis
1607 4192 1918 4272 reliquas
1966 4210 2218 4256 manus
2266 4192 2334 4275 81
2390 4196 2835 4256 correcturas
2884 4209 2974 4255 ex
3021 4190 3413 4272 archetypo

649 4299 909 4364 codicis
958 4299 1002 4364 S
1051 4299 1392 4363 deductas
1441 4317 1593 4362 esse
1641 4300 2062 4380 putaverim.
2159 4300 2268 4363 Ab
2318 4299 2565 4362 eadem
2617 4315 2830 4360 manu
2879 4297 3092 4360 etiam
3140 4297 3418 4361 scholia

651 4406 1074 4486 marginalia
1120 4416 1421 4470 exarata
1469 4424 1620 4469 esse
1669 4424 1886 4486 supra
1933 4411 2023 4486 (p.
2078 4411 2187 4488 83)
2235 4406 2646 4469 monuimus.

823 4564 959 4629 Sed
1005 4570 1291 4646 praeter
1339 4564 1527 4629 hanc
1574 4569 2056 4628 correcturam
2104 4582 2354 4645 passus
2402 4568 2508 4626 est
2555 4563 2782 4628 codex
2832 4568 3068 4626 noster
3112 4564 3416 4627 alteram

647 4689 690 4733 a
721 4688 935 4733 manu
969 4672 1363 4735 recentiore
1396 4670 1492 4753 S2,
1527 4670 1614 4734 de
1648 4689 1791 4752 qua
1824 4671 1964 4734 iam
1998 4671 2478 4753 compluribus
2511 4671 2684 4735 locis
2713 4677 2807 4752 (p.
2837 4675 2938 4737 24.
2968 4676 3077 4753 83)
3112 4671 3414 4751 egimus:

647 4795 837 4841 nunc
900 4777 1042 4841 iam
1104 4776 1589 4860 quaestionem
1656 4777 1743 4841 de
1809 4778 1948 4842 hac
2007 4796 2222 4841 manu
2287 4777 2377 4840 ad
2437 4778 2647 4841 finem
2703 4778 2998 4859 perduci
3056 4796 3232 4859 opus
3289 4783 3414 4841 est.

648 4882 892 4963 LocoS,
941 4883 1060 4947 ubi
1107 4884 1305 4947 istius
1351 4902 1602 4948 manus
1649 4891 2104 4949 correcturae
2162 4885 2612 4949 consentiunt
2673 4903 2833 4949 cum
2896 4884 3141 4950 codice
3198 4884 3284 4965 H,
3343 4884 3413 4947 in
