3509 5600
1838 399 2282 459 —72-

673 608 836 654 nam
889 587 1239 652 exstiterit
1286 588 1358 650 in
1406 606 1489 652 eo
1537 588 1805 669 codice,
1855 607 1946 653 ex
2002 607 2139 671 quo
2196 590 2341 653 sint
2382 591 2754 672 exscripti3
2820 595 3070 655 contra
3115 596 3396 673 apertum

670 700 799 778 est,
862 696 1077 760 etiam
1140 695 1246 758 his
1312 696 1383 757 in
1444 695 1753 759 minutiis
1819 714 2237 760 consensum
2301 697 2624 762 codicum
2678 696 2745 760 H
2800 702 2872 762 et
2920 698 2982 761 V
3028 699 3398 780 plerumque

671 803 1046 884 archetypi
1089 803 1465 866 lectionem
1497 808 1884 883 praestare.
1918 843 2006 851 ——
2030 803 2415 868 Praeterea
2447 803 2539 867 ad
2572 805 3137 869 constituendum
3168 810 3397 870 textum

671 909 1045 991 archetypi
1126 908 1551 973 accedentes
1629 911 2032 974 omittamus
2112 910 2347 975 adhuc
2425 896 2871 997 correcturas
2951 912 3403 977 adnotationes

669 1016 1169 1097 supplementa
1226 1033 1562 1079 manuum
1621 1017 2115 1097 recentiorum,
2180 1016 2268 1080 de
2332 1017 2583 1098 quibus
2646 1018 2833 1082 infra
2889 1020 3235 1101 agendum
3279 1021 3402 1085 erit.

850 1159 1082 1240 Atque
1129 1159 1291 1239 iam,
1340 1160 1397 1221 si
1445 1159 1702 1240 placet,
1753 1160 2202 1223 conferamus
2268 1179 2388 1224 eos
2448 1161 2661 1242 10008,
2729 1163 2980 1243 quibus
3047 1164 3220 1228 adeo
3274 1183 3405 1229 con-

668 1267 983 1331 sentiunt
1028 1264 1095 1327 H
1150 1269 1221 1329 et
1269 1264 1348 1346 V,
1418 1270 1493 1328 ut
1560 1265 1867 1329 librariis
1934 1285 2178 1330 eorum
2243 1267 2536 1348 singulis
2602 1269 2776 1333 locis
2842 1288 2986 1333 una
3052 1271 3404 1352 eademque
3479 1300 3480 1359 3

672 1372 881 1438 lectio
939 1376 1105 1435 ante
1164 1372 1403 1436 oculos
1450 1378 1740 1436 versata
1788 1391 1939 1436 esse
1988 1373 2317 1465 videatur
2365 1375 2648 1458 (collegi
2696 1394 2819 1439 eas
2866 1376 2938 1439 in
2987 1378 3406 1441 collationum

674 1480 875 1543 huius
924 1478 1177 1559 capitis
1226 1479 1729 1560 compositione
1786 1481 1914 1544 sub
1972 1486 2142 1544 nota
2198 1485 2261 1564 ὁ)
2309 1487 2381 1545 et
2437 1500 2882 1565 quaeramus,
2951 1485 3280 1564 quidnam
3335 1504 3407 1549 ex
3479 1486 3480 1575 ζ

674 1587 780 1649 his
828 1585 1247 1649 lectionibus
1294 1590 1650 1666 sequatur.

847 1728 954 1792 Ac
996 1727 1299 1809 primum
1342 1728 1622 1809 quidem
1669 1728 1734 1817 H
1781 1733 1853 1792 et
1884 1729 1946 1792 V
1986 1729 2221 1792 multis
2262 1730 2436 1794 locis
2484 1736 2883 1811 congruunt
2930 1751 3096 1797 cum
3141 1735 3409 1798 lectione
3479 1716 3480 1787 3

677 1835 992 1915 vulgata,
1064 1833 1345 1915 saepius
1418 1839 1655 1898 autem
1727 1836 1911 1898 inter
1986 1854 2061 1899 se
2129 1836 2202 1898 in
2274 1837 2576 1901 lectione
2649 1838 2891 1920 aliqua
2970 1841 3407 1918 consentiunt,

668 1959 854 2024 quae
932 1960 977 2004 a
1037 1943 1230 2004 nullo
1300 1941 1544 2007 codice
1609 1942 2006 2006 traditionis
2077 1943 2418 2025 vulgatae
2496 1945 2904 2028 exhibetur3
2985 1947 3231 2012 videas
3302 1948 3408 2011 hos
3479 1980 3480 1983 π

671 2051 898 2114 locos:

1248 2156 1315 2218 II
1376 2163 1410 2220 9
1504 2162 1642 2220 HV
1685 2164 1812 2221 uisi
1856 2163 1975 2221 sibi
2288 2164 2352 2222 L.
2385 2184 2438 2223 v,
2485 2166 2610 2223 uisi
2654 2167 2711 2223 si

1215 2263 1318 2325 III
1334 2270 1364 2326 1
1375 2271 1411 2327 3
1682 2270 1972 2328 irwolatur
2480 2272 2759 2330 incolitur

1222 2368 1318 2431 VI
1333 2376 1408 2432 21
1673 2377 1948 2452 primum
2472 2380 2676 2454 primo

1179 2476 1315 2539 XII
1374 2484 1409 2540 5
1680 2483 1925 2558 insuper
1968 2489 2023 2541 et
2478 2487 2725 2562 iusuper

1184 2582 1315 2646 XV
1332 2589 1408 2646 12
1680 2589 1936 2664 siuyulis
2482 2612 2519 2649 a
2563 2593 2819 2668 siuyulis

1078 2690 1317 2753 XXIV
1332 2697 1361 2752 1
1374 2696 1408 2753 2
1668 2714 1862 2772 parva
2471 2718 2663 2775 prava

1112 2796 1315 2860 XXV
1332 2804 1362 2860 1
1376 2805 1406 2861 1
1603 2825 1615 2873 '.
1680 2804 1777 2861 his
2478 2808 2559 2865 iis

1329 2911 1359 2967 1
1372 2910 1406 2967 2
1676 2915 1924 2985 requam
2476 2933 2699 2989 requam
2703 2921 2799 2973 tur

1102 3010 1312 3074 XXX
1374 3018 1405 3074 7
1678 3018 1904 3075 animis
2479 3022 2674 3079 animi

1792 3136 1821 3173 e

1067 3189 1311 3251 XXXI
1327 3197 1356 3252 1
1369 3197 1404 3253 8
1675 3195 1828 3254 dura
2475 3200 2658 3258 durae

995 3294 1310 3358 XXXIII
1327 3303 1405 3359 10
1674 3303 1744 3360 iu
1785 3303 2053 3377 {lentibus
2100 3304 2206 3383 (ita
2247 3305 2344 3383 02)
2478 3307 2548 3365 irc
2591 3309 2933 3382 umentibus

968 3402 1406 3468 XXXVIIlss
1677 3415 1728 3467 et
1772 3411 1897 3485 ipse
2476 3419 2526 3472 et
2571 3415 2700 3489 ipso
2747 3421 2799 3473 et
2843 3416 2969 3491 ipse

1327 3517 1407 3574 28
1675 3536 1891 3575 rursus
1893 3518 2065 3593 pulsi
2077 3538 2222 3577 uam
2237 3519 2340 3596 (ita
2355 3520 2421 3594 O)
2473 3539 2688 3579 rursus
2733 3522 2870 3581 inde
2905 3522 3077 3599 pulsi

934 3615 1314 3680 XXXVIII
1374 3625 1408 3682 9
1679 3625 1917 3700 saepiu-s·
2477 3648 2642 3704 saepe

1122 3724 1313 3788 XLV
1371 3732 1407 3788 3
1679 3736 1811 3790 ortu
1859 3750 1920 3789 se
1964 3732 2138 3791 durat
2475 3741 2639 3794 ortus
2685 3738 2887 3796 edurat

1087 3831 1313 3894 XLVI
1373 3839 1407 3895 3
1679 3839 1914 3914 quidem
2478 3844 2721 3919 quidam

840 4042 1115 4107 Deinde
1164 4063 1290 4108 sex
1336 4046 1510 4110 locis
1555 4051 1851 4129 uterque
1895 4049 2122 4113 codex
2164 4055 2536 4132 corruptus
2578 4057 2703 4133 est,
2748 4058 2960 4136 atque
2993 4055 3096 4119 ita
3129 4056 3415 4138 quidem,

666 4154 741 4214 ut
800 4150 991 4214 hanc
1047 4154 1524 4233 corruptelam
1585 4172 1675 4217 ex
1731 4156 2121 4238 archetypo
2177 4157 2330 4239 ipso
2387 4160 2781 4239 profectam
2847 4180 3003 4225 esse
3065 4164 3276 4229 facile
3331 4163 3415 4226 in-

661 4257 990 4338 tellegas:

1206 4369 1309 4430 III
1326 4375 1402 4433 15
1498 4375 1556 4433 H
1575 4376 1631 4432 V
1673 4382 1895 4451 reperta
1939 4378 2041 4454 (ita
2082 4377 2149 4455 C)
2277 4379 2345 4438 L.
2372 4398 2424 4438 v.
2469 4386 2756 4456 repertam

1143 4475 1312 4538 XIV
1368 4483 1404 4540 3
1674 4484 1966 4559 infamem
2474 4488 2704 4564 infame
2745 4491 2816 4549 in

1133 4583 1307 4645 XXI
1324 4591 1402 4647 14
1672 4592 1881 4649 abeunt
2471 4597 2705 4656 abeunti

926 4687 1131 4750 XXX
1144 4688 1307 4751 VIII
1367 4698 1401 4754 9
1672 4717 1892 4771 eorum,
1939 4719 2139 4758 rerum
2472 4723 2681 4762 rarum

1071 4796 1305 4859 XLIII
1364 4805 1398 4860 2
1671 4806 2110 4883 quadorumque
2155 4808 2318 4867 omis.
2468 4811 2907 4888 quadorumque

1365 4912 1400 4968 3
1671 4913 1831 4970 eultu
2469 4918 2739 4994 cultuque
