3509 5600
1800 375 2241 435 -42—

635 564 972 628 maticnm
1008 564 1182 626 illud
1213 564 1544 626 mendum
1585 565 1875 646 resiliat,
1927 566 2062 629 nisi
2102 566 2230 629 sibi
2272 584 2399 647 pro
2442 567 2746 630 lectione
2789 567 3101 646 genuina
3141 567 3398 632 habere

635 688 935 752 eamque
994 672 1081 734 ob
1139 689 1288 734 rem
1347 671 1417 732 in
1477 676 1746 735 textum
1805 673 2124 754 recipere
2177 712 2252 721 —
2306 674 2493 755 quod
2549 674 2719 738 fecit
2775 674 3041 738 Holder
3089 714 3177 723 —
3225 675 3399 739 n010.

812 815 1018 881 X115
1110 814 1350 879 Lectio
1428 816 1725 895 vulgata
1809 816 2096 879 exhibet
2180 818 2458 899 insuper
2541 824 2753 895 erate,
2831 817 2895 880 H
2963 836 3136 880 vero
3214 823 3284 881 et
3347 817 3402 880 V

632 921 1067 1002 scripserunt
1132 922 1409 1002 insuper
1474 928 1534 984 et
1600 929 1812 1003 erate,
1869 922 2168 985 fortasse
2231 923 2533 987 lectione
2601 923 2842 1005 aliqua
2906 925 3401 1006 superscripta,

636 1104 710 1162 ut
749 1030 968 1161 {qn-ate
1034 1099 1144 1181 (A)
1221 1101 1569 1164 commoti.
1663 1101 2173 1182 Interpolatam
2231 1120 2383 1164 esse
2451 1102 2639 1165 hanc
2704 1102 3081 1166 lectionem
3147 1121 3276 1183 per
3334 1121 3403 1166 se

634 1215 858 1287 patet:
932 1206 1099 1287 quid
1171 1207 1353 1269 enim
1431 1211 1716 1287 praeter
1789 1213 2057 1270 cratem
2127 1208 2411 1272 inicitur
2490 1209 2805 1290 insuper,
2889 1227 3025 1290 quo
3102 1210 3280 1272 illud
3349 1215 3405 1272 et

632 1313 1045 1375 iustificetur
1063 1312 1096 1375 P

816 1438 1086 1504 XV12.
1181 1437 1588 1500 Lectionem
1662 1438 1950 1522 sinyulis
2023 1457 2152 1520 pro
2230 1460 2273 1503 a
2347 1440 2633 1523 sinyulis
2700 1441 3114 1504 coniectura
3182 1446 3406 1503 ortam

634 1562 787 1607 esse
851 1543 1359 1606 sententiarum
1426 1563 1697 1607 conexu
1767 1544 2314 1609 demonstratur:
2382 1564 2609 1628 neque
2672 1548 2859 1610 enim
2923 1546 3168 1609 dativo
3236 1565 3403 1610 casu

634 1669 808 1731 opus
867 1655 992 1729 est,
1057 1668 1215 1713 cum
1274 1669 1312 1713 e
1371 1651 1961 1732 praecedentibus
2021 1659 2370 1734 appareat
2434 1653 2614 1716 mitti
2671 1653 2852 1717 haec
2910 1653 3096 1716 dona
3154 1653 3407 1734 princi-

633 1757 857 1838 pibuS,
902 1756 1025 1819 sed
1069 1757 1404 1835 ablativo,
1450 1758 1588 1837 qui,
1633 1776 1677 1820 a
1711 1775 2015 1838 quonam
2066 1759 2440 1822 mittantur
2487 1759 2669 1823 haec
2717 1760 2903 1823 dona
2948 1760 3408 1823 finitimarum

638 1864 973 1943 gentium,
1027 1882 1150 1926 nos
1199 1864 1515 1927 edoceat.

810 2006 1253 2072 XXXIV11.
1330 2004 1695 2069 Facillime
1762 2025 1890 2087 pro
1958 2009 2411 2072 consensimus
2488 2010 2779 2072 verbum
2860 2010 3180 2072 usitatius
3260 2030 3407 2073 con-

634 2113 960 2175 suet-imus
1035 2112 1255 2192 recipi
1322 2113 1549 2191 potuit
1610 2132 1654 2175 a
1718 2113 2009 2176 librario
2070 2114 2334 2178 codicis
2391 2114 2475 2194 H,
2552 2115 2859 2195 itemque
2924 2117 3406 2184 XXXV1115

634 2219 931 2301 obliyare
988 2236 1114 2297 pro
1163 2219 1528 2301 obliquare.

808 2361 1223 2426 XXXVIII
1241 2366 1351 2428 12.
1472 2361 1767 2445 reliyant
1855 2363 2355 2443 interpolatum
2442 2382 2593 2427 esse
2681 2364 3167 2428 demonstrant
3254 2367 3408 2430 reli-

629 2474 833 2551 9cn‘nr
878 2466 995 2528 AB
1032 2473 1102 2528 et
1153 2468 1370 2551 Ziyant
1422 2465 1561 2547 OD,
1611 2485 1788 2548 quas
1830 2469 2169 2532 lectiones
2213 2469 2665 2550 divergentes
2707 2472 2778 2533 in
2821 2489 3031 2533 unam
3078 2472 3408 2553 redigere

630 2573 894 2635 studuit
941 2572 1024 2635 H.

807 2697 1212 2763 XXXIXl.
1314 2719 1381 2760 se
1455 2699 2029 2782 nobilissimosque
2105 2700 2313 2764 lectio
2395 2701 2710 2781 vulgata.
2805 2701 2870 2763 H
2949 2703 3414 2783 neglegentia

633 2806 900 2868 librarii
960 2813 1081 2867 aut
1138 2805 1367 2868 omisit
1418 2827 1538 2887 que
1609 2824 1907 2887 eamque
1960 2809 2046 2871 ob
2099 2826 2247 2871 rem
2312 2830 2379 2872 se
2439 2809 2509 2870 in
2578 2831 2692 2872 seu
2761 2813 3036 2872 mutare
3099 2810 3413 2874 debebat

632 2919 754 2975 aut
834 2912 1324 2993 interpolando
1404 2913 1789 2993 scripserat
1865 2935 1980 2977 seu
2059 2932 2185 2995 pro
2259 2937 2327 2979 se
2415 2933 2714 2997 eamque
2790 2917 2878 2980 ob
2941 2934 3093 2979 rem
3166 2910 3451 2982 delere'

631 3021 1020 3099 cogebatur
1077 3040 1215 3100 que.
2927 3019 2932 3024 ⁴

806 3145 1094 3209 XLV4.
1154 3151 1305 3206 ortu
1337 3165 1405 3207 se
1440 3144 1646 3206 durat
1689 3144 2100 3208 coniectura
2141 3151 2296 3208 erat
2347 3146 2709 3227 facillima,
2764 3147 2819 3209 si
2873 3165 3011 3209 non
3064 3148 3411 3228 placebat

632 3251 998 3330 vulgatum
1050 3250 1256 3313 illud:
1319 3258 1505 3313 ortus
1555 3251 1816 3314 edurat.

806 3373 1282 3438 Consideratis
1351 3381 1583 3455 atque,
1654 3378 1729 3437 ut
1795 3393 2031 3456 spero,
2101 3377 2342 3458 aliqua
2413 3396 2501 3440 ex
2571 3382 2775 3458 parte
2846 3379 3225 3459 explicatis
3295 3381 3408 3445 his

632 3481 1069 3560 lectionibus,
1120 3481 1259 3543 iam
1304 3482 1504 3544 nobis
1545 3482 1894 3562 reliquum
1936 3489 2061 3563 est,
2098 3490 2173 3546 ut
2206 3502 2650 3565 quaer‘amuS‚
2686 3490 3025 3565 quotnam
3058 3485 3412 3552 lectiones

631 3592 897 3648 restent
946 3585 1208 3649 codicis
1255 3587 1321 3650 H
1368 3588 1719 3668 propriae,
1771 3606 1954 3669 quae
2005 3607 2131 3670 pro
2180 3590 2503 3670 genuinis
2551 3590 2925 3655 habendae
2982 3592 3121 3654 sint
3170 3612 3413 3676 neque

632 3692 1078 3756 consentiant
1126 3712 1286 3756 cum
1336 3693 1714 3756 traditione
1770 3696 2085 3774 vulgata.
2179 3695 2333 3757 Non
2382 3702 2544 3758 sunt
2589 3697 2890 3761 multae:
2941 3704 3163 3761 restat
3212 3701 3411 3764 enim

628 3800 779 3862 sola
839 3802 1086 3862 abnobe
1146 3800 1334 3882 (110)
1401 3800 1662 3863 codicis
1713 3800 1799 3880 H,
1862 3819 2020 3865 cum
2082 3802 2308 3865 lectio·
2353 3802 2651 3881 Vulgata
2706 3804 3039 3868 exhibeat
3099 3809 3409 3871 arnobae

628 3909 778 3969 sive
833 3909 1147 3971 arbonae.
1230 3905 1553 3969 Genuina
1609 3907 1817 3970 lectio
1871 3909 2167 3970 abnobae
2218 3908 2518 3989 primum
2563 3909 2918 3973 invenitur
2961 3912 3030 3973 in
3074 3915 3413 3993 margine

629 4013 951 4076 editionis
1002 4014 1168 4075 anni
1222 4019 1386 4078 1497
1441 4032 1478 4075 6
1528 4014 1939 4077 coniectura
1987 4014 2346 4077 Hermolai
2397 4016 2693 4079 Barbari
2741 4019 2854 4099 (cf.
2888 4018 3234 4100 Walther‚
3290 4021 3407 4084 ed.

627 4120 792 4184 Tac.
854 4128 1014 4183 tom.
1066 4121 1162 4184 IV
1210 4139 1275 4201 p.
1330 4126 1366 4186 6
1417 4125 1619 4200 not.):
1684 4122 1807 4184 sed
1870 4123 2295 4185 monendum
2358 4127 2482 4202 est,
2545 4124 2682 4185 illis
2742 4125 3176 4205 temporibus
3241 4134 3413 4207 post.

626 4241 981 4309 repertam
1050 4228 1498 4293 Germaniam
1568 4229 1823 4291 multos
1890 4230 2079 4292 viros
2146 4230 2389 4293 doctos
2456 4230 2562 4293 his
2628 4232 2837 4294 rebus
2908 4232 3258 4296 studuisse
3333 4241 3412 4298 et

628 4336 836 4398 facile
887 4336 1025 4397 iam
1076 4347 1240 4414 ante
1289 4333 1744 4397 Hermolaum
1791 4336 2096 4416 aliquem
2142 4337 2523 4400 doctiorem
2567 4356 2605 4399 e
2640 4339 2890 4418 quovis
2922 4339 3115 4402 fonte
3149 4358 3414 4405 verum

628 4442 799 4504 illud
850 4443 1102 4503 montis
1151 4458 1404 4503 nomen
1464 4441 1816 4521 refingere
1874 4444 2004 4506 sibi
2063 4444 2404 4523 potuisse:
2464 4462 2502 4506 e
2554 4445 2750 4507 cuius
2800 4446 3212 4510 coniectura
3262 4448 3410 4514 hoc

626 4566 877 4610 nomen
958 4549 1027 4610 in
1099 4547 1415 4611 codicem
1497 4555 1811 4612 nostrum
1881 4550 2225 4631 pervenit.
2338 4549 2604 4631 Quare,
2678 4552 2734 4614 si
2805 4553 2944 4614 iam
3015 4553 3410 4620 omittimus

629 4656 1032 4734 ambiguam
1123 4655 1319 4717 illam
1396 4654 1818 4720 Nerviorum
1910 4663 1979 4720 et
2072 4658 2401 4721 Ubiorum
2493 4661 3234 4724 commemorationem
3316 4702 3414 4711 —

626 4778 919 4841 quorum
993 4762 1279 4824 nomina
1355 4763 1632 4826 facilius
1711 4764 1923 4827 etiam
2012 4769 2217 4827 erant
2293 4765 2729 4828 restituenda
2792 4784 3005 4847 quam
3084 4768 3413 4834 Abnobae

625 4868 877 4930 montis
948 4907 1033 4915 —
1104 4868 1299 4931 nulla
1360 4869 1502 4932 iam
1573 4870 1773 4934 nobis
1845 4871 2183 4933 remansit
2256 4871 2463 4935 lectio
2535 4872 2799 4936 codicis
2864 4872 2958 4952 H,
3032 4890 3215 4953 quae
3299 4875 3414 4938 ita
