3509 5600
552 583 678 646 110
738 588 797 646 Η
836 589 1040 665 effusas·
1533 607 1638 665 pro
1684 590 1908 664 effusus

517 691 587 754 II
601 697 636 754 2
647 699 678 755 1
836 696 1065 755 aditum
1687 695 1950 752 additum

833 823 1046 862 renum-
1685 803 1933 859 rhenum

498 905 592 969 VI
644 912 680 968 3
830 916 1037 986 pastas
1688 909 1888 966 hastas

450 1011 625 1076 VIII
642 1022 669 1076 1
831 1038 954 1077 mm
1000 1037 1172 1076 casus
1218 1019 1309 1077 bis
1685 1037 1809 1074 non
1852 1036 2025 1073 etz-sus

327 1119 594 1184 XXXV
643 1128 678 1184 2
836 1126 1345 1201 semptentrimeem
1686 1129 1876 1199 septen
1884 1124 2130 1181 trionem

598 1233 630 1291 1
643 1234 677 1289 2
834 1232 1057 1289 m‘re'um
1092 1250 1380 1307 preeuum
1687 1231 1905 1287 adrium
1945 1230 2297 1305 precipuum
2343 1230 2445 1306 (ita
2493 1230 2568 1305 D)

253 1332 584 1396 XXXVII
643 1339 680 1399 9
836 1339 1211 1414 ‘imperatores
1686 1337 2056 1412 imperatoris

404 1439 680 1504 XLV18
836 1464 1020 1521 ‘neque
1692 1463 1795 1501 nee
1839 1463 1984 1519 quae

599 1553 678 1610 25
834 1553 1067 1610 volzwra
1687 1551 1944 1609 volucria

357 1652 583 1716 XLVI
641 1661 677 1717 8
834 1678 1157 1735 serenosque
1692 1659 2015 1734 fem‘eosque

273 1902 668 1984 Sequuntur
715 1904 761 1966 ii
813 1903 971 1985 loci,
1024 1903 1275 1985 quibus
1322 1903 1383 1966 H
1436 1904 1793 1985 discrepat
1835 1922 1876 1965 a
1920 1903 2221 1967 lectione
2256 1903 2571 1982 vulgata,
2608 1902 2858 1965 eadem

128 2027 269 2072 vero
313 2028 562 2074 manus
611 2010 702 2074 ad
748 2011 959 2074 fidem
1008 2011 1381 2093 archetypi
1431 2029 1586 2075 curn
1647 2011 1950 2074 lectione
2001 2010 2297 2090 vulgata
2354 2009 2857 2073 consentientis

125 2118 400 2179 correxit
447 2117 562 2199 (cf.
598 2136 664 2199 p.
701 2124 839 2199 34):
875 2119 993 2199 qui
1027 2122 1096 2181 et
1139 2119 1268 2199 ipsi
1313 2118 1631 2182 codicem
1673 2123 1985 2180 nostrum
2031 2118 2248 2179 artius
2282 2120 2663 2180 conectunt
2696 2133 2855 2180 cum

20 2264 21 2271 κ
126 2224 470 2287 traditione
521 2224 820 2304 vulgari.
917 2224 1078 2286 Alia
1127 2243 1215 2287 ex
1265 2233 1467 2305 parte
1517 2243 1638 2288 eas
1685 2224 2044 2304 lectiones,
2097 2224 2347 2305 quibus
2394 2222 2459 2285 H
2509 2222 2859 2286 consentit

124 2348 256 2392 cum
316 2331 619 2421 lectione
684 2332 1010 2412 vulgata,
1078 2331 1166 2414 Η2
1221 2333 1311 2395 ab
1370 2351 1457 2395 ea
1514 2331 1870 2412 discrepat
1934 2331 2371 2412 (enumeravi
2430 2350 2552 2393 eas
2608 2349 2674 2411 p.
2727 2333 2858 2411 35),

124 2438 468 2520 quicquam
518 2457 645 2520 pro
697 2439 1050 2502 sententia
1105 2438 1465 2502 contraria
1521 2439 1761 2502 facere
1820 2456 1956 2500 non
2017 2443 2204 2518 puto,
2301 2436 2667 2502 Difficilior
2715 2437 2856 2499 iam

121 2561 213 2606 res
259 2545 523 2623 evadit,
579 2545 692 2607 ubi
740 2545 830 2627 H.2
884 2545 1232 2609 consentit
1289 2562 1447 2608 cum
1511 2544 1813 2607 lectione
1873 2544 2186 2625 vulgata,
2252 2544 2706 2607 dissentiente
2766 2543 2857 2606 ab

120 2669 193 2713 ea
231 2651 372 2732 ipso
421 2651 508 2716 H.
603 2652 780 2714 Nam
830 2651 937 2713 his
984 2651 1158 2715 locis
1217 2656 1449 2714 utrum
1496 2649 1560 2713 H
1609 2651 1946 2714 lectiones
2002 2669 2166 2713 suas
2214 2669 2252 2713 e
2300 2651 2436 2714 fide
2487 2650 2861 2731 archetypi

120 2760 440 2840 receperit
489 2777 580 2822 an
629 2777 758 2822 sua
804 2762 1054 2840 sponte
1103 2758 1642 2840 interpolaverit
1698 2758 2067 2822 nescimus
2162 2757 2298 2822 Sed
2347 2757 2402 2821 si
2453 2757 2859 2822 accuratius

122 2867 601 2944 perlustramus
694 2866 823 2930 has
916 2867 1253 2930 lectiones
1340 2866 1682 2948 (exceptis
1769 2884 2046 2946 semper
2125 2866 2398 2929 Nerviis
2486 2871 2557 2928 et
2649 2866 2856 2945 Ubiis,

120 2971 396 3036 XXVIII
423 2981 521 3037 16.
560 2977 688 3055 21),
768 2974 1007 3037 facere
1086 2992 1224 3036 non
1304 2973 1715 3054 poterimus,
1797 2973 1964 3053 quin
2053 2978 2469 3052 comparata
2554 2972 2861 3036 lectione

118 3079 410 3144 codicum
462 3079 705 3144 ABCD
754 3079 1141 3144 iudicemus
1197 3079 1326 3142 has
1383 3080 1720 3143 lectiones
1783 3080 1874 3142 ad
1938 3098 2150 3142 unam
2212 3098 2453 3143 omnes
2513 3080 2861 3160 genuinas

116 3203 230 3248 non
297 3207 450 3251 esse
523 3206 750 3268 neque
815 3205 1145 3268 umquam
1210 3187 1560 3250 exstitisse
1624 3187 1690 3249 in
1757 3187 2146 3268 archetypo
2210 3187 2327 3249 illo
2392 3186 2855 3250 Germanico:

117 3295 273 3373 quod
329 3296 664 3360 iudicium
732 3296 958 3376 ipsum
1026 3313 1100 3358 se
1169 3294 1500 3374 defendit,
1569 3312 1789 3374 quare
1854 3295 2171 3374 longiore
2240 3293 2856 3373 argumentatione

117 3402 537 3482 supersedeo,
587 3402 959 3466 Lectiones
992 3419 1184 3481 vero,
1222 3402 1338 3465 ubi
1371 3402 1521 3482 ipse
1555 3400 1619 3463 H
1652 3402 2082 3482 interpolare
2116 3401 2380 3464 studuit
2413 3399 2856 3480 corrigendo,

115 3507 228 3570 iam
261 3528 480 3590 supra
510 3509 712 3572 attuli
730 3508 930 3590 (cf.p.
955 3514 1057 3574 34.
1083 3513 1221 3590 35):
1250 3513 1320 3571 et
1352 3508 1518 3571 illae
1549 3508 1688 3571 hac
1713 3509 1782 3570 in
1817 3508 2287 3588 disputatione
2318 3508 2490 3569 nihil
2514 3506 2854 3586 efficiunt;

116 3632 316 3696 neque
384 3616 432 3678 ii
498 3616 664 3695 loci,
733 3615 984 3696 quibus
1049 3615 1256 3677 varia
1333 3613 1674 3677 adnotata
1734 3620 1841 3677 cst
1906 3615 2115 3678 lectio
2183 3616 2272 3677 ab
2339 3615 2490 3695 ipso
2566 3612 2857 3677 librario

112 3722 349 3786 codicis
396 3721 482 3803 Η,
534 3722 1016 3786 consentiente
1066 3740 1225 3786 curn
1274 3722 1613 3784 Italorum
1663 3722 2021 3786 codicibus
2081 3731 2202 3785 aut
2261 3727 2455 3784 textu
2516 3726 2638 3784 aut
2687 3725 2858 3783 nota

112 3829 464 3909 marginali
499 3829 839 3893 afferendi
872 3834 1052 3908 sunt,
1104 3829 1271 3910 quia
1319 3835 1694 3909 utrumque
1742 3829 1970 3909 potuit
2016 3830 2199 3891 fieri:
2252 3836 2373 3891 aut
2415 3829 2600 3892 enim
2645 3828 2856 3891 lectio

111 3952 248 3998 cum
294 3937 599 4016 vulgata
646 3936 1091 4001 consentiens
1139 3936 1430 4016 propria
1479 3940 1584 3998 est
1632 3935 1893 3998 codicis
1941 3933 2039 3997 H:
2105 3942 2249 3997 turn
2303 3935 2507 3998 varia
2554 3935 2678 3997 illa
2725 3951 2854 4015 pro

109 4040 515 4123 interpolata
563 4046 668 4105 est
715 4042 1079 4122 habenda3
1145 4051 1266 4104 aut
1323 4041 1531 4104 lectio
1582 4060 1626 4103 a
1677 4042 1970 4122 vulgata
2018 4041 2428 4123 discrepans
2477 4040 2856 4104 tribuenda

108 4155 196 4211 est
249 4149 476 4213 codici
534 4148 632 4212 H:
702 4152 849 4211 tum
904 4149 1112 4211 varia
1177 4148 1302 4211 illa
1367 4147 1577 4212 lectio
1645 4165 1804 4210 cum
1862 4148 2158 4227 vulgata
2225 4147 2672 4211 consentiens
2743 4146 2856 4209 de-

104 4259 449 4335 monstrat,
500 4256 963 4336 archetypum
1009 4255 1272 4320 codicis
1305 4254 1369 4317 H
1412 4253 1730 4316 notitiam
1776 4255 2102 4317 habuisse
2137 4254 2472 4317 Italorum
2509 4254 2860 4317 lectionis.

105 4360 308 4426 Locos
341 4362 482 4426 huc
513 4362 947 4444 pertinentes
978 4364 1049 4425 in
1083 4363 1314 4428 indice
1349 4367 1587 4426 nostro
1621 4363 1833 4426 facile
1868 4364 2211 4444 reperies;
2264 4363 2349 4427 de
2389 4381 2521 4426 uno
2556 4365 2858 4426 fortasse

102 4468 350 4549 aliquid
399 4468 665 4533 addere
713 4469 971 4550 licebit,
1022 4469 1189 4550 quia
1237 4469 1323 4532 de
1383 4487 1466 4532 eo
1517 4469 1734 4532 fusius
1789 4469 2113 4533 disseruit
2162 4470 2535 4535 Schefczik
2587 4475 2677 4551 (p.
2720 4475 2858 4552 13):

102 4592 241 4656 cap.
290 4576 360 4638 Π
422 4580 499 4641 17
560 4576 848 4639 exhibet
893 4575 958 4638 H
1014 4576 1084 4638 in
1133 4583 1332 4639 textu
1400 4576 1481 4639 de
1537 4596 1629 4655 eo,
1689 4577 1778 4639 ab
1829 4576 2078 4640 eadem
2134 4595 2347 4640 manu
2404 4578 2474 4639 in
2533 4577 2858 4658 margine

96 4673 435 4763 seriptum*
456 4686 563 4746 est
595 4684 715 4746 deo
749 4683 935 4765 (lect.
970 4683 1211 4763 vulg).
1277 4681 1684 4746 Lectionem
1717 4683 1798 4745 de
1831 4704 1923 4764 60,
1958 4684 2105 4747 scil.
2143 4691 2323 4747 ortos
2357 4685 2859 4766 interpolatam

98 4806 238 4852 esse
279 4790 421 4852 iam
471 4808 553 4853 eo
604 4786 1144 4870 demonstratur,
1189 4788 1376 4870 quod
1422 4789 1715 4852 verbum
1762 4790 1933 4852 oriri
1967 4795 2087 4853 aut
2130 4809 2289 4854 cum
2333 4785 2650 4855 ablativ'o
2686 4809 2858 4855 casu

92 4896 513 4959 construitur
587 4902 711 4959 aut
786 4915 945 4960 cum
1020 4895 1547 4978 praepositione
1619 4897 1702 4958 ab
1778 4897 1896 4959 vel
1966 4918 2086 4960 eat:
2162 4899 2705 4979 praepositionis
2776 4898 2856 4961 de
