3509 5600
1820 361 2260 420 ..64—

771 664 945 739 ΟΨ·
1139 627 1569 775 Mugfflss'offii
1978 664 2036 721 H
2625 663 2676 718 V
2978 606 2984 818 Ι
3186 664 3220 726 ‘5

648 872 911 936 XXXIX
925 886 951 932 1
960 885 989 932 3
1265 878 1444 936 adicit
1675 836 1681 967 Ι
1906 875 2109 936 adiicit
2344 877 2419 934 ad
2438 872 2616 950 ffiuod]
2638 877 2726 951 (in
2738 879 2973 952 rasura)
3168 904 3224 911 -

2564 966 2743 1025 adicit

1145 1054 1556 1114 auctoritatem
1882 1056 2120 1113 afictem
2622 1081 2687 1087 -
2981 1104 2984 1117 .
3167 1082 3225 1089 -

1168 1143 1525 1202 Semnonum
1970 1169 2033 1176 -
2514 1146 2798 1202 senonum
3167 1171 3222 1178 —

920 1241 985 1288 14
1220 1234 1487 1292 habitant
1834 1233 2173 1291 habitantur
2244 1231 2322 1309 [H
2522 1224 2788 1291 habitant
3039 1235 3340 1292 habitantur

1195 1341 1521 1399 magnoque
1699 1340 2027 1398 magnoque
2045 1328 2308 1397 tempore
2534 1340 2775 1397 corpore
3165 1348 3224 1356 -

1234 1430 1474 1487 corpore
1699 1429 1958 1487 corpore,
1983 1429 2226 1469 numero
2248 1410 2306 1468 H
2355 1459 2367 1474 .
2409 1410 2573 1489 V2rm.
2620 1416 2881 1487 tempore
3167 1438 3226 1444 -

921 1508 985 1555 15
1190 1500 1516 1559 Sueborum
1968 1524 2033 1532 -
2221 1498 2319 1577 [m.
2389 1568 2398 1574 ,
2453 1517 2730 1558 seuorum
2757 1501 2834 1578 V
3168 1527 3208 1534 -

1320 1620 1915 1670 ,11112
2951 1616 2955 1621 ’

803 1681 914 1736 XL
955 1687 978 1733 1
1055 1677 1466 1753 Langobardos
1512 1698 1653 1755 pan-
1755 1677 2129 1753 largobardos
2152 1678 2232 1755 Hl
2370 1677 2760 1753 longobardos
2801 1697 2944 1754 pau·
2979 1672 2983 1737 i
3167 1705 3227 1711 —

1122 1767 1267 1825 citas
1313 1768 1580 1828 nobilitat
2421 1768 2567 1825 citas
2611 1767 2877 1826 nobilitat
2978 1752 2982 1861 Ι
3166 1794 3225 1800 -

1054 1855 1324 1931 plurimis
1355 1876 1424 1915 ac
1456 1857 1651 1916 valen-
1798 1855 2111 1931 plurimis.
2429 1875 2530 1915 .ac
2560 1856 2974 1915 valentissimis
3167 1882 3226 1890 -

1218 1946 1462 2004 tissimis
3167 1971 3226 1979 -

952 2043 982 2090 3
1105 2052 1175 2091 ac
1219 2035 1605 2110 periclitando
1754 2051 1825 2092 ac
1868 2033 2246 2109 periclitando
2420 2035 2468 2093 ἃ
2496 2034 2885 2111 periclitando
2975 1948 3026 2115 Ι..
3042 2033 3387 2111 periclitando

1075 2122 1367 2198 Reudigni
1414 2125 1625 2183 deinde
1737 2122 2009 2198 reudigni
2054 2123 2266 2181 deinde
2449 2123 2720 2199 reudigni
2750 2170 2761 2182 .
2791 2171 2803 2182 .
2832 2171 2844 2181 .
2975 2162 2979 2231 ἰ
3040 2123 3295 2199 reudigni
3312 2168 3352 2180 ..

950 2222 983 2268 4
1050 2216 1110 2269 et
1126 2212 1385 2271 Aviones
1408 2219 1468 2272 et
1485 2215 1647 2289 Ang-
1702 2217 1765 2270 et
1794 2212 2034 2270 auiones
2066 2217 2126 2270 et
2155 2231 2296 2288 ang·
2468 2214 2787 2272 ..aniones
2976 2236 2979 2261 ·
3014 2214 3359 2295 ..aniones„

1087 2301 1153 2358 lii
1198 2306 1259 2360 et
1310 2301 1507 2360 Varini
1551 2309 1613 2362 et
1743 2300 1806 2375 lij
1857 2307 1918 2359 et
1962 2301 2147 2359 varini
2193 2308 2255 2360 et
2615 2327 2681 2335 -
2771 2259 3010 2380 [nesm
3169 2337 3230 2344 —

951 2398 981 2446 5
1044 2390 1312 2449 Eudoses
1329 2397 1389 2450 et
1405 2391 1654 2450 Suardo-
1700 2389 1951 2448 eudoses
1975 2396 2037 2448 et
2059 2391 2294 2448 suardo·
2371 2391 2718 2465 suarinesV,
2739 2393 2940 2450 sardo-

1074 2497 1178 2537 nes
1207 2485 1267 2538 et
1293 2480 1622 2540 Nuithones
1715 2497 1821 2537 nes
1868 2484 1928 2538 et
1970 2480 2279 2538 vuithones
2370 2482 2763 2539 ..nurthones
2788 2481 2942 2557 (chP)

1191 2577 1295 2626 aut
1342 2570 1506 2628 silvis
1840 2572 1942 2626 aut
1989 2568 2155 2626 silvis
2616 2596 2680 2603 —
3171 2604 3233 2612 —

950 2668 981 2715 6
1186 2659 1500 2735 quicquam
1837 2656 2154 2734 quidquam
2615 2685 2681 2692 —
2975 2638 2979 2713 Ι
3172 2694 3234 2702 -

1169 2747 1231 2806 in
1279 2748 1526 2824 singulis
1823 2746 1883 2805 in
1928 2746 2175 2823 singulis
2615 2774 2680 2782 -
2974 2724 2979 2834 Ι
3170 2773 3232 2782 -

951 2846 980 2894 7
1140 2838 1202 2894 in
1248 2856 1555 2897 commune
2437 2838 2500 2896 in
2545 2857 2856 2898 commune
3171 2865 3233 2871 -

1072 2925 1379 3001 Nerthum,
1425 2928 1487 2985 id
1532 2932 1622 2986 est
1675 2926 2019 2984 nerthumH
2039 2927 2316 2985 herthum
2388 2928 2660 2986 nerthum
2705 2928 2768 2986 id
2814 2933 2908 2987 est
2973 2837 2978 2998 Ι
3036 2934 3164 2987 nert
3109 2930 3296 2987 rthum

1075 3014 1314 3074 Terram
1359 3022 1607 3075 matrem
1962 3040 2028 3048 -
2209 3014 2311 3095 [H2
2408 3017 2585 3075 deum
2630 3022 2881 3076 matrem
3168 3051 3230 3059 —-

1245 3106 1446 3163 colunt
1857 3116 1864 3122 ·
1964 3129 2029 3137 -
2529 3106 2732 3165 colunt
3159 3139 3221 3148 —

947 3201 978 3248 9
1234 3191 1448 3253 Oceani
1877 3194 2110 3251 occeani
2321 3221 2325 3235 ·
2526 3195 2759 3254 occeani
3091 3193 3315 3254 occeani

915 3289 980 3338 10
1259 3282 1320 3340 in
1365 3301 1434 3342 eo
1963 3307 2028 3314 ·-
2559 3284 2621 3341 in
2666 3303 2736 3342 ea
3170 3309 3232 3317 -

915 3378 979 3425 12
1197 3371 1488 3447 intellegit
1964 3397 2029 3404 -
2504 3373 2788 3449 intelligit
2974 3401 2979 3458 Ι
3168 3398 3233 3405 -

1177 3557 1521 3626 vectamque
1827 3549 2164 3626 victamque
2614 3577 2680 3584 —
2972 3495 2978 3622 Ι
3170 3577 3233 3586 -

1250 3641 1439 3698 bubus
1719 3637 1949 3698 duobus
1998 3640 2259 3715 (induet.)
3170 3666 3232 3674 ·-

1898 3730 2086 3787 bobus

912 3823 977 3871 13
1052 3816 1242 3874 multa
1287 3835 1422 3875 cum
1466 3836 1637 3877 vene-
1699 3816 1884 3875 multa
1928 3836 2065 3876 cum
2111 3837 2285 3877 vene·
3168 3845 3232 3853 -

1234 3906 1458 3965 ratione
1880 3907 2104 3965 ratione

912 4002 977 4049 14
1143 4013 1546 4073 quaecumque
1714 4014 1934 4077 qgcum
1956 3996 2015 4054 H
2049 3996 2266 4055 induet.
3168 4022 3234 4030 -

1763 4103 2131 4162 quecumque
2163 4086 2220 4144 H
3136 4153 3142 4160 ,
3471 4137 3472 4178 3

911 4180 976 4227 16
1054 4172 1225 4248 quies
1249 4177 1391 4231 tnnc
1417 4179 1643 4232 tantum
1721 4220 1733 4232 .
1767 4219 1780 4231 .
1812 4220 1825 4232 .
1854 4179 1996 4232 tunc
2041 4180 2271 4233 tantum
2401 4174 2568 4251 quies
2612 4180 2756 4234 tunc
2800 4172 2889 4234 tffi
3003 4181 3145 4234 tunc
3169 4178 3375 4233 tantum
3471 4197 3472 4206 ¹

912 4269 976 4317 17
1089 4266 1240 4333 nota,
1286 4267 1425 4321 tunc
1469 4269 1593 4321 tan-
1745 4268 1887 4321 nota
1931 4269 2070 4322 tunc
2114 4268 2243 4322 tanss
2410 4268 2550 4322 nota
2597 4269 2742 4323 tunc
2788 4261 2877 4323 tffi
2987 4270 3124 4324 nota
3138 4270 3275 4323 tunc
3285 4267 3396 4320 tan·
3471 4283 3472 4294 ¹

1054 4356 1182 4409 tum
1213 4357 1421 4424 amata,
1453 4353 1641 4411 donec
1761 4357 1891 4412 tum
1926 4357 2119 4410 amata
2140 4399 2152 4411 .
2175 4400 2186 4411 .
2209 4399 2222 4411 .
2428 4358 2620 4412 amata
2666 4355 2855 4413 donec
2999 4358 3225 4412 tantum
3246 4368 3383 4410 ama·
3471 4365 3472 4370 ’

911 4448 975 4496 18
1217 4441 1485 4499 satiatam
1677 4505 1682 4510 ‚
1960 4465 2021 4477 ’-
2503 4442 2781 4501 saciatam
3167 4468 3231 4475 -
3276 4438 3393 4518 [ta.-

1487 4587 1494 4591 -
1931 4562 2029 4613 ΒΗ,

908 4626 971 4673 21
1263 4619 1427 4677 lacus
1901 4620 2074 4678 lucus
2616 4645 2678 4653 -
3164 4645 3230 4655 ·-

1128 4726 1371 4766 arcanus
1416 4708 1553 4767 hjne
1750 4709 2040 4767 archanus
2086 4708 2225 4768 hinc
2611 4735 2677 4742 -
3159 4735 3223 4743 -
