3509 5600
1105 1658 1958 1777 Conclusio,

331 2084 401 2148 Si
449 2084 591 2148 iam
637 2085 1052 2165 respicimus
1102 2084 1191 2148 ad
1240 2085 1672 2166 propositum
1723 2090 2036 2148 nostrum
2087 2092 2157 2150 et
2204 2087 2543 2169 videmus,
2595 2090 2931 2170 quidnam

136 2190 504 2273 placuerit
551 2208 641 2253 ex
688 2190 980 2254 Holderi
1028 2198 1098 2255 et
1144 2190 1555 2254 Baehrensii
1621 2192 2141 2273 opinationibus
2205 2193 2290 2257 de
2353 2194 2714 2259 codicibus
2764 2195 2930 2260 Ger·-

136 2297 435 2361 maniae
502 2296 964 2376 GermaniciS,
1033 2297 1202 2360 nihil
1269 2298 1551 2361 illarum
1618 2299 1892 2361 restitit.
1999 2299 2304 2362 Primum
2374 2302 2654 2364 omnino
2727 2304 2935 2367 aliter

139 2404 683 2469 aestimavimus
746 2404 1049 2484 pretium
1107 2403 1431 2469 codicum
1478 2405 1758 2468 illorum
1822 2413 2034 2486 atque
2084 2406 2155 2470 hi
2205 2407 2338 2469 viri
2403 2407 2611 2489 docti,
2678 2409 2931 2474 deinde

143 2510 475 2576 codicem
506 2509 573 2573 H
621 2510 712 2572 ad
761 2509 1252 2591 apographum
1293 2510 1831 2575 Henochianum
1879 2513 2297 2594 rettulimus,
2349 2519 2494 2577 tum
2537 2516 2854 2580 codicem
2896 2544 2934 2605 y

144 2617 437 2681 omnino
497 2616 846 2680 exstitisse
912 2617 1351 2697 negavimus
1448 2618 1627 2680 Nam
1691 2637 2037 2700 perquam
2105 2620 2387 2684 difficile
2454 2627 2578 2702 est,
2648 2624 2932 2687 remotis

146 2724 478 2788 omnibus
536 2724 1087 2786 dubitationibus
1145 2724 1317 2788 duos
1376 2725 1657 2789 codices
1706 2727 2026 2808 opusculi
2075 2726 2364 2812 Tacitei·
2397 2729 2517 2790 uni
2564 2729 2933 2812 eidemque

148 2831 547 2912 archetypo
619 2832 958 2912 tribuere,
1033 2832 1166 2894 nisi
1236 2832 1558 2912 singulae
1629 2833 1970 2897 lectiones
2042 2835 2221 2897 tales
2291 2842 2470 2916 sunt,
2545 2838 2792 2917 quales
2863 2839 2931 2902 in

147 2936 517 3003 codicibus
557 2936 624 3000 H
662 2944 732 3000 et
773 2936 836 2999 V
874 2937 1089 3000 fuisse
1130 2937 1453 3001 vidimus.
1524 2937 1712 3018 Quot
1744 2940 1931 3002 enim
1966 2944 2251 3003 exstant
2292 2942 2573 3006 codices
2618 2943 2935 3009 libellum

147 3046 352 3109 illum
411 3062 703 3107 aureum
766 3045 1227 3124 continentes,
1288 3044 1377 3107 ad
1440 3044 1628 3108 hunc
1686 3045 1869 3108 diem
1931 3064 2069 3109 non
2127 3048 2228 3109 ita
2275 3049 2555 3112 excussi
2603 3055 2784 3131 sunt,
2837 3058 2930 3133 ut,

150 3151 327 3234 quid
400 3152 694 3231 quisque
766 3149 1120 3231 exhibeat,
1188 3152 1359 3214 satis
1428 3157 1721 3215 constet.
1794 3152 2146 3233 Fortasse,
2214 3155 2272 3217 si
2339 3156 2621 3236 quando
2691 3175 2933 3221 omnes

148 3257 396 3324 collati
431 3261 656 3336 erunt,
692 3257 828 3320 duo
864 3257 1157 3339 quilibet
1191 3258 1491 3337 codices²
1538 3260 1656 3340 qui
1689 3278 1878 3323 nunc
1911 3260 2094 3323 inter
2127 3279 2200 3323 se
2235 3261 2565 3325 simillimi
2598 3263 2932 3327 videntur

148 3383 329 3445 esse,
381 3364 749 3427 dissimiles
797 3364 1126 3446 evadent,
1177 3370 1247 3427 et
1297 3365 1432 3427 duo
1483 3366 1622 3446 alii,
1666 3367 1783 3447 qui
1818 3384 2007 3430 nunc
2039 3368 2283 3447 procul
2320 3369 2503 3431 inter
2536 3388 2610 3433 se
2647 3370 2929 3451 distant,

150 3477 311 3536 arto
343 3471 785 3550 cognationis
811 3471 1098 3535 vinculo
1126 3472 1484 3535 coniuncti
1510 3491 1662 3535 esse
1691 3473 2136 3537 videbuntur.
2186 3474 2517 3539 Fortasse
2545 3477 2757 3541 etiam
2785 3484 2932 3541 tum

153 3578 278 3642 alii
311 3579 594 3658 cognati
630 3577 955 3642 codicum
980 3578 1048 3639 M
1075 3583 1144 3640 et
1170 3578 1214 3641 S
1249 3581 1717 3660 apparebunt,
1746 3598 1921 3661 quos
1953 3586 2074 3643 aut
2101 3600 2260 3645 eum
2286 3582 2355 3644 M
2389 3587 2511 3645 aut
2546 3602 2703 3647 cum
2732 3584 2776 3648 S
2809 3586 2931 3648 uni

157 3684 523 3765 eidemque
589 3683 978 3765 archetypo
1043 3685 1353 3748 tribuere
1417 3686 1695 3750 licebit:
1777 3706 1942 3750 nam
2007 3728 2095 3736 —-
2157 3688 2227 3750 id
2275 3690 2477 3769 quod
2538 3709 2728 3755 nunc
2789 3692 2931 3754 iam

156 3791 498 3871 suspicari
547 3790 715 3854 licet
757 3828 841 3838 -—
886 3791 1112 3854 codex
1159 3791 1228 3853 M
1275 3793 1563 3872 propius
1613 3792 1703 3854 ad
1753 3793 2070 3857 codicem
2120 3793 2604 3859 Florentinum
2653 3798 2933 3870 accedit

157 3916 364 3978 quam
411 3897 501 3959 ad
544 3897 1196 3977 Stuttgartiensem:
1252 3916 1394 3979 qua
1436 3898 1521 3961 de
1564 3917 1642 3961 re
1685 3901 2012 3963 conferas
2055 3901 2496 3964 Massmanni
2531 3903 2928 3986 editionem,

155 4004 495 4085 imprimis
543 4023 609 4085 p.
663 4009 720 4069 5.
816 4003 1219 4085 Praeterea,
1278 4005 1334 4067 si
1392 4005 1518 4068 tibi
1581 4006 1813 4067 animo
1862 4007 2087 4086 fingis,
2147 4009 2493 4087 quomodo
2543 4011 2671 4072 sub
2720 3988 2932 4073 finem

155 4110 419 4174 saeculi
477 4110 609 4172 XV
657 4118 1060 4192 propagata
1122 4114 1210 4175 sit
1273 4113 1491 4175 libelli
1548 4114 1768 4176 nostri
1834 4118 2195 4192 memoria,
2258 4116 2647 4197 intellegeS,
2717 4135 2930 4198 quam

156 4218 438 4281 difficile
473 4218 581 4298 sit,
611 4218 1035 4282 deteriorum
1068 4220 1388 4284 codicum
1416 4221 1488 4283 in
1518 4239 1642 4283 suo
1670 4239 2020 4301 quemque
2047 4223 2434 4285 stemmatis
2459 4223 2615 4287 loco
2643 4243 2927 4305 ponere.

156 4325 332 4387 Nam
409 4328 485 4387 ut
561 4326 980 4390 nostratium
1061 4326 1330 4389 animos
1406 4333 1783 4389 moverunt
1858 4327 2236 4392 Herondae
2313 4330 2698 4394 Mimiambi
2777 4333 2928 4394 sive

152 4431 580 4512 Respublica
628 4433 1161 4496 Atheniensium
1213 4434 1440 4496 denuo
1490 4439 1797 4515 reperta,
1848 4436 1948 4497 ita
1996 4436 2186 4498 viros
2237 4437 2478 4500 doctos
2526 4437 2712 4500 illius
2763 4445 2929 4501 tem-

151 4539 339 4620 poris
387 4539 610 4602 movit
658 4540 936 4603 libellus
985 4541 1105 4603 ille
1154 4540 1504 4622 Taciteus,
1557 4544 1647 4604 ab
1695 4541 2035 4606 Henocho
2094 4543 2164 4604 in
2223 4544 2452 4605 lucem
2510 4548 2926 4607 revocatus:

150 4664 392 4708 omnes
468 4651 637 4710 tunc
715 4647 1158 4727 exemplaria
1237 4647 1737 4712 desiderabant
1809 4648 2013 4711 huius
2085 4649 2363 4728 cimelii,
2431 4653 2502 4711 et
2572 4667 2610 4711 e
2681 4650 2928 4730 paucis

148 4753 648 4833 manuscriptis
697 4753 1058 4817 codicibus
1106 4755 1740 4834 praestantioribus
1803 4756 2004 4818 multi
2063 4756 2471 4818 oriebantur
2520 4755 2925 4820 deteriores,

148 4860 488 4940 Quorum,
540 4864 880 4940 quantum
931 4860 1214 4941 quidem
1264 4861 1639 4925 aestimare
1687 4880 2077 4944 possumuS,
2129 4863 2317 4925 intra
2363 4862 2656 4941 triginta
2705 4881 2927 4926 annos

2614 4989 2711 5038 16*
