3509 5600
647 572 1027 639 Schefczik
1098 571 1460 636 nobiscum
1533 570 2259 650 communicaverunt,
2331 571 2693 653 adnotavi,
2769 576 2917 635 tum
2993 571 3200 635 tertio
3263 572 3403 638 loco

648 679 855 763 posui
902 696 1025 742 eas
1073 678 1433 757 lectioneS,
1484 677 1733 758 quibus
1781 675 1846 739 Η
1895 686 1967 740 et
2008 675 2068 738 V
2116 676 2217 739 ita
2264 679 2733 759 consentiunt,
2789 683 2866 741 ut
2913 678 3405 744 lectioarche·

657 786 814 868 typi
845 785 1119 848 restitui
1159 801 1366 866 posse
1400 783 1761 846 videatur:
1805 783 1990 864 quod
2025 781 2492 863 archetypum
2523 784 2812 864 signavi
2846 789 3016 849 nota
3051 791 3117 853 δε
3168 804 3407 850 revera

653 892 1050 974 exscriptos
1098 909 1251 954 esse
1300 889 1365 953 H
1413 895 1484 954 et
1523 889 1585 952 V
1632 908 1723 953 ex
1771 890 2017 953 eodem
2066 889 2186 952 illo
2236 890 2647 972 archetype,
2710 892 2899 954 infra
2955 892 3091 956 erit
3147 893 3406 957 demon-

645 998 1035 1064 strandum.

832 1950 926 2003 Il

864 3376 930 3425 10

865 3643 923 3690 11

798 3729 857 3782 lI
897 3732 928 3779 2

895 3821 929 3868 4

898 3999 927 4047 7

865 4176 929 4224 12

864 4442 930 4490 13

864 4710 930 4757 14

726 1732 876 1808 Cap.
968 1672 980 1887 Ι

1086 1265 1583 1349 Comparatio
1633 1265 2055 1330 lectionum
2107 1265 2391 1330 codicis
2440 1265 2974 1331 Hummcliani

651 1390 727 1448 et
757 1382 1179 1448 lectionum
1224 1381 1505 1446 codicis
1539 1380 2172 1445 vindobonensis
2207 1379 2280 1444 11
2321 1381 2403 1445 in
2434 1381 2810 1446 Hucmcri
2851 1389 2924 1447 et
2963 1379 3413 1449 Schefczikii

1487 1495 2030 1560 collationibus
2081 1496 2573 1561 exstantium.

1196 1694 1388 1753 Editio

1077 1783 1502 1842 Muellenhoffii

1064 1944 1373 2003 Germania
1419 1962 1540 2002 om-

1212 2033 1305 2090 nis
1351 2052 1385 2091 a

1135 2122 1451 2197 Raetisque

1111 2217 1171 2269 et
1215 2211 1480 2268 Danuvio

1142 2300 1435 2375 Dacisque

1044 2394 1238 2447 cetera
1287 2387 1552 2447 Oceanus

1105 2478 1497 2553 complectens

1091 2585 1241 2642 quos
1288 2566 1507 2624 bellum

1112 2744 1481 2803 Raeticarum

1142 2834 1444 2909 praecipiti

1084 2922 1515 2999 septentrionali

1176 3011 1405 3070 Oceano

1149 3189 1453 3247 Danuvius

994 3279 1156 3349 molli
1190 3284 1250 3337 et
1279 3278 1595 3337 clementer

1055 3427 1061 3433 ,
1154 3369 1429 3425 Abnobae

1185 3457 1409 3515 effusus

1202 3545 1388 3620 pluris

1163 3641 1431 3710 erumpat

1162 3724 1432 3798 hospitiis

1119 3813 1473 3888 quaerebant

1165 3899 1430 3958 Oceanus

1095 3990 1251 4062 Asia,
1299 3990 1493 4047 Africa

1200 4079 1310 4135 nisi
1360 4078 1408 4134 si

1142 4185 1327 4241 genus
1372 4173 1463 4224 est

1129 4255 1466 4313 Tuistonem

1120 4435 1358 4507 editum,
1407 4439 1466 4491 et

1155 4523 1429 4580 Mannum

1075 4701 1517 4776 conditoresque

1620 3007 1625 3124 Ι

1616 4705 1623 4788 1

1619 4803 1623 4842 i

1618 4849 1623 4954 Ξ

1916 1730 1974 1788 Η

1788 2122 1958 2197 raecij
1968 2140 2112 2197 sque

1756 2229 1826 2270 ac
1870 2211 2123 2268 danuuio

1682 2394 1874 2447 cetera
1920 2406 2206 2447 occeanus

1777 2744 2119 2803 raeticarum

1727 2923 2164 2999 septentrionali

1823 3029 2070 3070 occeano

1796 3188 2089 3247 danuuius

1699 3278 1864 3336 molli
1909 3295 1978 3335 ac
2025 3278 2191 3336 clem.

1836 3368 2057 3425 abnobe

1843 3455 2049 3514 effusis

1819 3639 2089 3709 erumpat

1805 3722 2049 3798 hospicij
2060 3740 2088 3780 s

1807 3918 2090 3958 OCOOanUS

1806 4078 1921 4136 nisi
1970 4077 2080 4135 sibi

1783 4184 1967 4241 genus
2014 4171 2107 4224 est

1783 4256 2088 4328 vistonem,

1684 4345 2005 4403 tuisconem
2043 4344 2098 4401 H
2129 4363 2208 4403 m.

1818 4540 2085 4580 marnum

1712 4630 1990 4669 mannum
2022 4610 2077 4667 H
2097 4629 2175 4668 m.

1699 4700 2176 4775 conditoremque

2571 1731 2626 1788 V

2422 1945 2783 2003 ERMANIA

2387 2032 2627 2092 OMNIS
2647 2035 2700 2091 A
2729 2028 2735 2117 Ι
2763 2053 2799 2092 a

2453 2122 2732 2204 raetijsqg

2409 2230 2478 2269 ac
2524 2211 2773 2270 danubio

2476 2300 2718 2382 dacisqg

2334 2394 2524 2447 cetera
2569 2407 2855 2448 occeanus

2410 2478 2783 2553 conplectens

2377 2585 2525 2642 quos
2571 2586 2817 2642 regnum

2322 2656 2544 2714 bellum
2569 2656 2647 2734 V2
2683 2674 2868 2730 marg).

2424 2745 2770 2803 raeticarum

2465 2835 2730 2910 precipiti

2479 3030 2723 3070 ΟΟΟθᾶΠΟ

2640 3133 2668 3171 b

2434 3190 2758 3248 DAnuuius

2473 3369 2722 3426 arnobae

2556 3491 2640 3498 0—

2494 3545 2694 3620 plures

2456 3723 2739 3798 hospiciis

2435 3812 2758 3888 querebant

2457 3917 2740 3959 occeanus

2375 3991 2555 4063 Asya,
2602 3989 2821 4048 Afirica

2348 4078 2460 4136 nisi
2508 4078 2617 4136 sibi
2664 4077 2852 4154 patria

2451 4256 2738 4314 bistonem

2294 4363 2412 4402 var.
2434 4344 2802 4402 tuistonemV
2819 4363 2899 4403 m.

2433 4433 2659 4491 editum
2703 4433 2758 4491 ei

2467 4522 2741 4580 inannum

2383 4699 2814 4775 conditorisque

2256 4797 2260 4802 ’
2293 4788 2495 4846 σοντᾸΤ
2509 4788 2898 4847 conditorem·
2921 4769 2924 4778 Ι

2534 4896 2649 4953 que

2917 1674 2924 1883 Ι
3140 1731 3179 1795 <s

2918 1906 2926 2045 ἱ

3061 2231 3242 2271 ac..

2928 2394 3119 2448 cetera
3139 2408 3420 2449 occeanus

3002 2745 3356 2806 raeticarum

2922 2831 2927 3022 ῑ
3133 2960 3217 2967 -

2923 3025 2927 3116 Ι
3050 3031 3309 3075 occeano

3029 3190 3331 3250 danuuius

3037 3724 3327 3799 hospiciis

3036 3919 3336 3962 Osssseanl’lS

3039 4079 3156 4138 nisi
3204 4081 3326 4140 sibi
