3509 5600
1254 387 1694 449 ...73ss

268 577 626 642 Habemus
686 577 927 659 itaque
989 576 1270 641 codices
1327 580 1601 639 nostros
1649 580 1720 639 et
1769 585 2020 640 contra
2067 577 2444 640 lectionem
2491 579 2861 658 vulgatam

121 686 614 751 consentientes
661 689 733 748 et
779 683 1026 746 iisdem
1088 683 1263 747 locis
1320 682 1740 764 corruptelis
1804 683 2246 746 laborantes:
2310 702 2494 765 quae
2558 703 2671 749 res
2735 703 2863 748 nos

121 792 470 871 adducunt,
517 802 592 854 ut
633 808 751 855 eos
796 808 887 853 ex
930 808 1067 852 uno
1110 789 1499 870 eodemque
1548 788 1940 869 archetypo
1990 788 2379 872 descriptos
2421 810 2574 856 esse
2608 793 2864 859 iudice-

122 918 282 963 mus:
345 897 691 980 siquidem
755 917 885 962 eae
952 898 1312 977 lectioneS,
1377 897 1629 979 quibus
1695 897 1880 961 inter
1944 916 2019 961 se
2083 898 2490 981 discrepant
2551 899 2616 963 H
2673 906 2744 965 et
2784 902 2865 983 V,

32 1006 33 1009 ’
122 1023 407 1087 quasque
456 1004 766 1067 nondum
817 1005 1196 1085 attigimuS,
1246 1005 1426 1067 tales
1468 1021 1606 1067 non
1650 1010 1832 1085 sunt,
1877 1006 2123 1086 quales
2166 1005 2234 1068 in
2278 1025 2492 1069 unum
2536 1008 2862 1091 idemque

122 1113 560 1193 archetypum
604 1114 870 1176 referre
914 1129 1052 1174 non
1097 1111 1330 1175 liceat.
1380 1111 1612 1191 Atque
1655 1111 1798 1174 iam
1832 1111 1918 1175 de
1952 1111 2059 1174 his
2092 1112 2265 1176 locis
2298 1111 2865 1196 discrepantibus

120 1238 386 1300 agamus
434 1220 777 1301 nobisque
825 1237 1204 1298 sumamus,
1256 1224 1330 1280 ut
1372 1218 1498 1281 hos
1539 1237 1577 1281 e
1622 1220 2036 1283 coniectura
2082 1223 2324 1283 nostra
2372 1220 2460 1283 de
2508 1224 2863 1286 communi

120 1327 397 1408 quodam
446 1326 838 1407 archetypo
887 1326 1250 1407 explica-re
1300 1344 1656 1389 conemur.

270 1453 500 1534 Atque
535 1452 603 1514 in
638 1451 745 1515 his
778 1429 1197 1516 lectionibus
1231 1450 1801 1514 dissentientibus
1835 1450 2175 1532 imprimis
2210 1451 2508 1515 difficilis
2542 1454 2862 1533 quaestio

28 1596 29 1653 ᾗ
120 1566 204 1621 est
248 1559 330 1622 de
378 1558 462 1621 iis
513 1559 704 1638 locis,
754 1558 1008 1639 quibus
1055 1557 1120 1620 H
1176 1564 1248 1621 et
1295 1557 1356 1620 V
1404 1558 1724 1638 primitus
1790 1576 1930 1620 non
1997 1558 2463 1640 consentiunt,
2527 1560 2651 1622 sed
2716 1579 2862 1626 cor-

121 1672 377 1730 rectura
439 1666 683 1747 aliqua
739 1669 862 1728 aut
919 1665 987 1727 in
1047 1664 1293 1729 codice
1341 1663 1406 1727 H
1465 1672 1587 1728 aut
1643 1665 1713 1727 in
1777 1665 2021 1730 codice
2070 1665 2131 1727 V
2180 1683 2224 1727 a
2279 1666 2595 1730 secunda
2649 1686 2863 1732 manu

28 1828 29 1835 ,
122 1772 290 1836 facta
352 1772 422 1835 in
493 1789 909 1836 consensum
977 1771 1216 1835 vocati
1282 1778 1461 1834 sunt.
1575 1770 1778 1852 Quae
1844 1790 1957 1834 res
2022 1772 2290 1835 nullam
2357 1772 2865 1837 dubitationem

118 1883 428 1959 moveret,
472 1880 526 1942 si
573 1880 754 1943 alter
797 1882 1070 1941 tantum
1105 1878 1332 1942 codex
1364 1879 1464 1941 ita
1497 1885 1859 1942 correctus
1892 1886 2096 1959 esset,
2132 1885 2207 1941 ut
2238 1879 2419 1942 haec
2453 1889 2865 1945 correctura

28 2020 29 2031 κ
120 1987 371 2068 saepius
435 2004 598 2051 cum
661 1988 885 2049 altero
951 1985 1196 2050 codice
1261 1985 1722 2049 consentiret:
1788 1989 1933 2047 tum
1983 2003 2416 2049 sumeremus
2471 1985 2660 2051 hanc
2716 2006 2863 2052 cor-

119 2097 447 2156 recturam
481 2093 572 2156 ad
604 2093 814 2157 fidem
857 2093 1228 2175 archetypi
1270 2093 1538 2158 factam
1580 2111 1752 2156 esse.
1818 2093 1954 2156 Sed
2000 2100 2292 2175 uterque
2335 2099 2442 2157 est
2480 2099 2862 2178 correctuS,

26 2222 27 2239 ¹
120 2217 319 2281 neque
367 2200 618 2264 eodem
665 2218 944 2281 semper
994 2201 1169 2281 locO,
1228 2200 1439 2263 immo
1496 2201 1778 2281 saepius
1839 2201 2020 2263 alter
2079 2201 2231 2281 hoc,
2284 2202 2463 2264 alter
2513 2201 2632 2264 illo
2687 2202 2863 2267 loco,

26 2362 27 2369 ,
122 2305 206 2369 De
249 2308 384 2372 hac
432 2313 666 2371 autem
717 2326 794 2371 re
844 2308 1124 2371 omnino
1173 2325 1300 2370 nos
1347 2307 1664 2371 iudicare
1713 2325 1918 2388 posse
1968 2326 2105 2370 non
2158 2314 2347 2389 puto,
2397 2308 2529 2371 nisi
2580 2315 2744 2372 ante
2794 2310 2860 2372 in

119 2411 397 2477 indolem
465 2420 945 2478 correctorum
1016 2415 1339 2480 codicum
1405 2414 1470 2477 H
1535 2422 1605 2478 et
1663 2413 1722 2476 V
1781 2414 2370 2495 inquisiverimuS.
2474 2415 2710 2497 Atque
2778 2416 2865 2480 de

26 2528 29 2619 ὲ
121 2520 335 2585 codice
378 2521 443 2584 H
492 2521 681 2585 hanc
727 2522 1216 2604 quaestionem
1265 2522 1404 2585 iam
1454 2540 1672 2603 supra
1718 2525 1810 2602 (p.
1858 2526 1965 2600 34)
2015 2521 2293 2584 solvere
2342 2528 2639 2586 conatus
2691 2540 2865 2604 sum,

26 2714 27 2719 ἵ
119 2643 256 2689 cum
293 2626 356 2690 H
404 2628 632 2708 ipsum
681 2628 1099 2709 plerumque
1157 2647 1248 2692 ex
1305 2628 1695 2709 archetypo
1760 2627 2174 2705 correxisse,
2239 2627 2590 2691 interdum
2651 2630 2866 2693 etiam

118 2749 223 2794 suo
266 2733 489 2798 Marte
553 2753 876 2816 novasse,
929 2734 1018 2819 Η2
1072 2724 1242 2799 vero
1301 2735 1651 2799 interdum
1713 2735 2261 2816 interpolantem
2310 2753 2349 2798 e
2398 2735 2643 2800 codice
2704 2754 2867 2818 quo-

24 2847 25 2870 *
119 2838 258 2903 dam
287 2843 627 2921 vulgatae
675 2843 1072 2906 traditionis
1114 2842 1570 2923 exscripsisse
1602 2843 2123 2906 contenderem.
2176 2841 2407 2923 Quam
2439 2844 2865 2907 sententiam

117 2946 164 3008 si
205 2949 564 3013 referimus
612 2950 703 3013 ad
761 2949 1244 3014 coniecturam
1305 2956 1617 3013 nostram
1685 2950 1772 3013 de
1835 2950 2186 3014 communi
2249 2951 2552 3030 quodam
2623 2950 2866 3014 arche-

117 3059 263 3135 typo
307 3057 632 3121 codicum
678 3055 744 3119 H
792 3061 862 3119 et
912 3056 994 3137 V,
1044 3058 1501 3137 monebimus,
1550 3075 1700 3120 rem
1748 3058 1851 3120 ita
1897 3075 1972 3119 se
2021 3056 2308 3138 habere,
2373 3061 2447 3119 ut
2495 3075 2582 3120 ea
2631 3057 2863 3138 lecti0‚

118 3176 277 3240 quae
318 3164 393 3227 in
441 3163 687 3228 codice
721 3164 783 3228 V
815 3165 1167 3229 consentit
1214 3182 1375 3228 cum
1423 3164 1573 3245 ipso
1622 3164 1687 3227 H
1736 3164 2156 3243 corrigente,
2208 3163 2347 3226 iam
2396 3165 2745 3227 exstiterit
2794 3164 2863 3226 in

117 3266 217 3329 illo
275 3271 692 3352 archetyp03
760 3271 876 3333 ubi
938 3289 1107 3334 vero
1172 3290 1330 3335 cum
1387 3269 1476 3354 Η2
1539 3271 1890 3335 consentit
1938 3270 2016 3349 V,
2074 3270 2450 3334 lectionem
2500 3270 2863 3351 habemuS,

24 3453 25 3468 χ
118 3390 302 3454 quam
351 3376 419 3441 H
464 3396 735 3441 novare
781 3378 1067 3460 studuit,
1119 3396 1473 3460 quamque
1522 3381 1882 3442 corrector
1941 3376 2031 3440 ad
2088 3377 2295 3440 fidem
2343 3377 2667 3440 lectionis
2720 3378 2867 3440 vul·

117 3486 304 3560 gatae
351 3486 742 3549 revocavit.

273 3607 742 3672 Transeamus
774 3609 916 3673 iam
952 3609 1043 3673 ad
1077 3609 1393 3673 codicem
1421 3608 1502 3690 V,
1537 3609 1657 3690 qui
1689 3617 1977 3690 praeter
2009 3608 2385 3672 nonnullas
2418 3614 2865 3673 correcturas

117 3710 173 3774 in
216 3714 361 3796 ipso
409 3716 784 3781 scribendo
834 3736 878 3780 a
925 3717 1215 3780 librario
1264 3715 1494 3779 factas
1536 3721 1607 3779 et
1647 3716 2024 3777 nonnullas
2057 3715 2298 3777 varias
2339 3715 2680 3778 lectiones
2722 3715 2865 3778 iam

115 3819 173 3882 in
219 3823 602 3905 archetypo
651 3829 1013 3888 exstantes
1063 3828 1544 3889 correcturam
1594 3823 2000 3887 continuam
2049 3839 2299 3903 passus
2348 3826 2455 3884 est
2501 3823 2590 3885 ab
2637 3821 2866 3885 altera

115 3941 309 3992 manu
340 3930 500 4014 (V2),
546 3931 745 3996 cuius
792 3931 1102 3994 indolem
1143 3939 1219 3993 ut
1262 3947 1672 4009 cognoscaS,
1717 3928 1907 4010 ipsas
1951 3931 2396 3992 correcturas
2439 3927 2863 3992 consideres,

369 4124 538 4209 Cap.
780 4126 1024 4190 Lectio
1075 4125 1374 4205 vulgata
1794 4123 1855 4184 V
1891 4128 1972 4205 -Ι-
2009 4122 2094 4205 V²

416 4252 448 4314 I
506 4260 541 4317 6
681 4257 891 4314 bellum
1653 4253 2007 4331 reynum,V2
2062 4254 2272 4310 bellum

352 4359 450 4422 ῙΠ
468 4366 545 4423 14
681 4361 1070 4440 Ἁσκιπύργιον
1654 4359 2042 4437 ’Λσκιπὺργιον
2087 4380 2272 4432 aram,
2309 4360 2387 4437 V2
2429 4359 2869 4434 asehiburyium

460 4473 537 4530 15
675 4477 960 4547 repertam
1654 4475 1896 4545 reperta,
1923 4469 2004 4547 V2
2053 4473 2338 4544 repertam

353 4571 447 4635 IV
505 4581 541 4637 5
683 4583 986 4654 tamquam
1006 4577 1127 4650 CD,
1147 4595 1511 4653 quamquam
1519 4577 1622 4634 AB
1661 4581 1964 4651 tanquam,
1994 4575 2071 4653 V2
2124 4594 2486 4651 quamquam

505 4688 541 4745 6
679 4685 859 4743 &eruli
887 4684 1010 4758 AB,
1057 4684 1267 4742 cerulei
1298 4682 1396 4742 CD
1664 4683 1899 4755 camuli,
1924 4682 2002 4760 V2
2053 4683 2262 4741 cerulei

503 4794 539 4853 9
674 4792 939 4850 inediam
1656 4791 1855 4849 inedia
1899 4791 1986 4863 in,
2021 4790 2101 4868 V2
2151 4790 2412 4848 inediam

380 4891 446 4956 X
500 4901 541 4958 4
680 4904 884 4957 temere
1660 4902 1881 4969 temere,
1907 4897 1989 4976 V2
2027 4902 2216 4956 tenent
2261 4896 2363 4973 (ita
2392 4896 2472 4971 H)

2551 5020 2617 5068 10
