3509 5600
1339 3256 1405 3264 —
1695 3233 1699 3272 ί
1778 3249 1888 3289 nec
1924 3230 2152 3289 ancillis
2199 3249 2267 3288 ac

1092 3320 1464 3379 educacionis
1508 3319 1654 3377 deli-

179 3248 285 3303 XX
325 3252 355 3300 3
446 3249 557 3289 nec
603 3231 833 3288 ancillis
878 3237 982 3288 aut
1044 3231 1048 3248 ³

323 3342 357 3389 4
445 3320 814 3379 educationis
854 3319 998 3378 deli-

179 704 302 780 Cap‘
504 666 936 813 Mugsslr‘ffiOffii
1350 701 1407 759 H
2000 698 2050 755 V
2580 696 2619 757 ὃ

106 925 276 981 XVIII
293 927 356 975 19
550 915 901 973 denuntiant
1045 892 1051 927 Ι
1346 939 1405 947 -
1693 920 1698 1007 Ι
1845 913 2196 970 denunciant
2567 937 2632 944 —

478 1004 566 1062 sic
608 1003 976 1080 pereundum
1045 992 1049 1071 ξ
1138 1003 1224 1062 sic
1269 1003 1618 1080 pariendum
1692 1034 1697 1087 Ι
1793 1048 1806 1060 .
1850 1048 1862 1060 .
1906 1002 2248 1078 pariendum
2425 1001 2776 1077 pariendum

288 1107 357 1155 20
626 1093 834 1151 reddat
1045 1124 1049 1205 Ι
1340 1117 1404 1126 ·-
1692 1108 1698 1167 Ι
1925 1091 2133 1149 reddat
2568 1115 2633 1124 -

289 1196 351 1244 21
561 1200 885 1258 rursusque
1045 1208 1049 1257 Ι
1185 1200 1392 1240 rursus
1438 1199 1554 1258 que
1693 1172 1698 1259 Ι
1861 1198 2183 1256 rursusque
2568 1205 2632 1212 —

558 1271 888 1329 referantur
1045 1274 1049 1343 !
1339 1296 1404 1304 -
1693 1278 1698 1353 Ι
1858 1270 2186 1328 referantur
2567 1294 2632 1302 —

161 1371 290 1425 XIX
327 1377 350 1423 1
628 1364 830 1436 saepta
1046 1370 1047 1391 ¹
1291 1366 1456 1435 septa
1693 1368 1697 1415 i
1988 1384 2051 1391 -
2567 1383 2633 1390 -

574 1448 863 1525 pudicitia
1045 1402 1049 1539 Ι
1230 1449 1523 1524 pudicicia
1693 1428 1698 1549 Ι
1987 1472 2051 1481 ·-
2567 1472 2632 1479 -

323 1554 354 1602 2
635 1538 812 1595 nullis
1339 1563 1404 1572 ·-
1923 1536 2122 1594 nullus
2568 1560 2633 1568 -

566 1632 870 1702 corruptae
1044 1558 1050 1687 Ι
1340 1653 1405 1661 -
1880 1634 2153 1701 corrupte
2569 1649 2633 1656 -

323 1733 355 1781 3
555 1716 776 1792 pariter
820 1734 890 1774 ac
1044 1698 1049 1827 Ι
1203 1716 1423 1792 pariter
1466 1735 1536 1774 ac
1863 1715 2082 1790 pariter
2126 1716 2172 1772 dr
2567 1739 2632 1746 -

323 1822 354 1869 5
598 1806 846 1864 abscisis
1339 1831 1403 1838 —
1901 1804 2146 1863 abscisis
2345 1840 2348 1849 ·
2568 1827 2627 1835 -

324 1912 352 1959 7
435 1912 591 1970 cper
604 1834 1050 1953 omnemvicum¹
1166 1900 1227 1953 et
1274 1912 1382 1969 per
1416 1941 1428 1953 .
1464 1941 1476 1953 .
1509 1940 1521 1952 .
1557 1940 1569 1952 .
1703 1911 2132 1968 acperomnem
2146 1874 2348 1983 vicum}
2568 1917 2632 1924 -

321 2001 353 2048 8
567 1983 885 2060 pudicitiae
1044 1964 1050 2101 Ι
1224 1983 1514 2059 pudicicie
1988 2007 2051 2014 —
2344 2000 2348 2035 ι
2568 2006 2632 2013 -

322 2091 353 2139 9
579 2071 873 2130 invenerit
1231 2072 1516 2131 invenerit
1879 2071 2162 2129 invenerit
2458 2070 2744 2129 invenerit

289 2180 355 2228 10
647 2161 791 2219 vitia
1044 2106 1050 2289 Ι
1296 2161 1445 2219 vicia
1988 2186 2052 2193 -
2569 2185 2634 2191 -

457 2269 571 2309 nec
616 2262 989 2326 corrumpere
1340 2275 1406 2284 -
1694 2242 1699 2265 ’
1762 2268 1869 2308 nec
1913 2267 2286 2324 corrumpere
2343 2308 2348 2339 s
2568 2274 2634 2281 —

520 2345 582 2398 et
626 2340 919 2415 corrumpi
1340 2365 1405 2372 -
1831 2357 1940 2396 nec
1984 2338 2212 2414 corrupi
2343 2346 2347 2397 Ι
2572 2362 2631 2370 -

290 2449 349 2495 11
430 2428 671 2505 quidem
696 2429 891 2487 adhuc
909 2447 1012 2486 eae
1104 2448 1107 2451 ’
1341 2453 1406 2461 -
1713 2408 2348 2525 quidem&adhuceae1
2569 2451 2633 2459 -

291 2537 352 2585 16
566 2522 868 2594 tamquam
1340 2543 1406 2551 —
1951 2520 2095 2592 tanq
2344 2546 2347 2575 ι
2569 2540 2634 2548 -

292 2628 352 2675 17
624 2612 820 2665 ament
1044 2594 1050 2850 Ι
1341 2632 1405 2639 -
1923 2613 2119 2663 ament
2344 2606 2347 2625 ⁸
2568 2630 2632 2637 —

563 2695 880 2754 liberorum
1340 2721 1405 2728 -
1867 2695 2177 2753 liberorum
2344 2724 2347 2737 ·
2569 2721 2630 2728 -

635 2785 805 2844 finire
1340 2811 1406 2819 -
1809 2785 2004 2844 future
2050 2784 2236 2852 finire,
2344 2756 2348 2820 Ι
2569 2811 2633 2818 -

1045 2857 1050 2964 Ι
1808 2876 2000 2932 future
2046 2874 2147 2932 del.
2201 2874 2251 2928 V
2343 2849 2348 2960 Ι

291 2985 354 3033 18
612 2964 842 3039 agnatis
1341 2998 1407 3006 —
1880 2963 2150 3038 adgnatis
2344 2963 2348 3002 ἲ

575 3052 872 3128 flagitium
1045 2983 1049 3112 Ι
1216 3053 1522 3128 flagicium
1991 3078 2053 3086 ·-
2344 3019 2351 3122 Ι

292 3163 356 3211 19
627 3143 811 3200 bonae
1044 3115 1049 3228 Ι
1341 3168 1405 3175 -
1528 3174 1533 3178 ·
1947 3143 2096 3200 bone

1044 3467 1048 3516 Ι

2567 2991 2635 3464 ΕἸΙΙΙΙ

325 3431 356 3478 5
490 3409 600 3468 ciis
646 3408 955 3484 dignoscas
1163 3409 1271 3468 ciis
1317 3410 1586 3468 dinosoas
1840 3456 1852 3468 .
1888 3456 1900 3468 .
1934 3410 2204 3467 dinoscas
2418 3454 2429 3465 .
2464 3454 2476 3465 .
2509 3408 2568 3465 di
2612 3425 2778 3466 oscas

609 3516 821 3573 pecora
1340 3524 1404 3532 —
1918 3516 2126 3574 peoora
2568 3522 2633 3529 -

324 3610 353 3657 6
603 3592 835 3663 separet
1339 3613 1404 3621 -
1881 3589 2165 3663 separar&
2569 3611 2633 3618 -

326 3699 352 3747 7
579 3681 861 3750 agnoscat
1340 3702 1405 3710 -
1721 3677 2059 3752 adgnoscat,
2086 3677 2124 3733 d
2148 3676 2249 3733 del.
2271 3676 2322 3731 V
2569 3700 2633 3707 -

325 3788 354 3835 9
551 3765 894 3841 validaeque
1340 3791 1405 3798 -
1883 3766 2153 3845 validqu
2570 3790 2633 3797 -

293 3877 350 3925 11
443 3854 605 3930 apud
635 3854 996 3912 avunculum
1340 3880 1405 3887 -
1741 3855 1899 3930 apud
1943 3854 2299 3913 avunculum
2570 3879 2634 3887 -

294 3966 354 4013 12
549 3943 626 4000 ad
669 3948 897 4019 patrem.
1341 3969 1404 3976 -
1849 3944 1925 4001 ad
1970 3950 2198 4020 patrem
2569 3959 2634 3976 -’

519 4032 910 4108 artioremque
1177 4033 1572 4109 arcioremque
1821 4033 2206 4112 arctioremqg
2569 4058 2633 4064 -

294 4144 356 4191 14
536 4127 598 4180 et
643 4121 902 4179 animum
1137 4126 1197 4179 et
1242 4122 1302 4179 in
1349 4123 1610 4180 animum
1731 4122 1780 4180 ἃ
1823 4121 1883 4179 in
1927 4122 2120 4179 animfi
2168 4140 2310 4179 corr.
2345 4085 2349 4188 Ι
2383 4129 2444 4181 et
2479 4122 2537 4179 in
2567 4121 2830 4179 animum

1200 4210 1261 4268 in
1308 4211 1410 4269 dez.
1460 4211 1540 4288 Η2
1990 4236 2054 4243 -
2344 4193 2349 4322 Ι
2570 4236 2636 4244 -

295 4321 354 4369 17
534 4299 905 4374 possessione
1063 4299 1431 4358 successione
1452 4300 1524 4373 H,
1549 4318 1690 4358 corr.
1991 4325 2055 4332 -
2568 4325 2634 4332 -

295 4410 355 4457 18
518 4393 739 4464 quanto
784 4388 922 4463 plus
1340 4414 1404 4421 -
1571 4387 1674 4466 [H2
1868 4388 1940 4462 Q‘
1942 4394 2002 4446 to
2042 4388 2177 4465 plus
2344 4327 2349 4438 Ι
2570 4414 2634 4421 -

548 4495 667 4553 quo
713 4477 897 4535 maior
1070 4496 1187 4554 quo
1212 4477 1374 4553 (corr.
1388 4477 1467 4556 H²
1492 4478 1675 4554 tanto)
1823 4483 1982 4536 tanto
2030 4479 2210 4535 maior
2344 4475 2349 4566 Ι
2568 4503 2634 4510 -

576 4595 583 4605 ·
1273 4585 1459 4625 malor
2345 4575 2348 4586 '

580 4655 849 4712 affinium
1341 4680 1405 4689 —
1695 4631 1700 4668 ¹
1879 4656 2164 4714 adfinium
2344 4603 2349 4698 Ι
2570 4682 2634 4688 -

294 4765 356 4813 19
581 4761 863 4801 numerus
1339 4770 1404 4777 —
1882 4763 2162 4803 numerus
2344 4723 2350 4844 Ι
2570 4770 2634 4777 -

463 4836 628 4891 tanto
673 4832 982 4908 gratiosior
1211 4880 1223 4891 .
1260 4879 1271 4891 .
1305 4834 1528 4909 gratior
1774 4828 1912 4917 talto
1958 4834 2267 4910 gratiosior
2344 4849 2349 4980 Ι

1044 4941 1050 4984 1
