3509 5600
1818 375 2259 435 -40—

651 565 1051 646 exemplum
1105 565 1242 627 illis
1300 565 1582 645 quidem
1645 566 2077 647 temporibus
2142 584 2275 647 ego
2340 567 2581 630 inveni
2631 568 2927 646 nullum;
2993 585 3213 648 quare
3278 585 3401 630 non

649 672 914 736 faciam
962 689 1118 734 cum
1171 670 1633 759 Schefcziki0‚
1684 671 1802 752 qui
1851 671 2225 736 lectionem
2283 674 2363 736 de
2411 695 2483 737 eo
2539 674 2873 755 praefert.

832 830 1246 912 Praeterea,
1326 831 1396 893 id
1474 831 1660 912 quod
1743 850 1975 895 rerum
2065 839 2325 896 natura
2407 834 2573 915 fert,
2653 833 2992 898 lectiones
3079 833 3405 915 quasdam

655 937 1068 1019 reperimuS,
1143 938 1393 1018 quibus
1441 937 1507 1000 H
1564 940 1653 1002 ab
1725 939 2065 1003 Italorum
2125 940 2486 1004 codicibus
2536 941 2894 1022 discrepat
2942 941 3407 1004 involuntaria

653 1045 960 1127 quadam
1042 1047 1560 1126 permutatione
1641 1087 1724 1094 —-
1800 1047 1986 1128 quod
2054 1048 2375 1111 omnibus
2441 1049 2801 1112 codicibus
2868 1047 3157 1111 evenire
3191 1048 3405 1127 solet,

654 1153 841 1215 inter
896 1170 970 1215 se
1029 1152 1197 1215 licet
1252 1152 1585 1214 simillimi
1631 1153 1770 1216 sint
1817 1193 1902 1200 —
1951 1159 2074 1216 aut
2134 1172 2474 1235 perverso
2524 1156 2904 1218 verborum
2967 1146 3233 1235 ordine,
3299 1159 3408 1217 aut

647 1259 914 1323 vocula
978 1279 1058 1322 ac
1132 1277 1260 1340 pro
1335 1267 1395 1322 et
1468 1264 1699 1340 posita
1760 1265 1829 1322 et
1889 1260 2226 1341 invicem,
2303 1261 2647 1340 neglectis
2722 1261 3187 1343 compendiis,
3266 1262 3408 1324 aliis

658 1364 1090 1429 differentiis,
1187 1364 1458 1427 Talium
1512 1365 1890 1429 lectionum
1942 1367 2011 1428 in
2061 1385 2428 1430 numerum
2478 1367 2895 1431 referendae
2944 1374 3139 1432 sunt:

1118 1562 1151 1624 I
1210 1569 1245 1625 2
1298 1567 1352 1625 Η
1403 1587 1468 1625 ae
1512 1568 1777 1627 danuuio

1208 1675 1243 1732 9

1048 1775 1241 1839 ΙΙΙ18

1055 1881 1152 1944 VI
1169 1888 1246 1945 10

1165 1995 1241 2051 21

1020 2095 1150 2158 VII
1212 2105 1248 2159 3

1211 2209 1246 2266 9

1046 2309 1148 2371 ΧΙ
1208 2317 1243 2372 3

978 2415 1149 2478 XIX
1212 2424 1243 2478 7

947 2522 1247 2586 XXV11

1163 2636 1239 2691 12

872 2736 1149 2800 XXVII
1207 2744 1242 2801 8

901 2844 1143 2907 XXIX
1162 2850 1239 2906 13

864 2950 1146 3013 XXXII
1204 2956 1241 3016 5

828 3056 1143 3120 XXXIII
1159 3063 1189 3119 1
1204 3064 1233 3120 1
1352 3055 1373 3078 '

807 3163 1155 3227 XXXVII
1205 3169 1240 3226 9

763 3269 1148 3335 XXXVIII
1206 3276 1241 3333 9

1157 3384 1235 3439 13

948 3483 1146 3546 XLII
1205 3488 1242 3548 3

910 3591 1144 3655 XLIII
1202 3596 1236 3652 2

1205 3704 1240 3759 3
1317 3689 1321 3693 ,

962 3803 1152 3867 XLV
1204 3810 1242 3865 4

1161 3918 1240 3974 23

1158 4025 1237 4081 31

913 4125 1239 4189 XLV111

1166 4237 1243 4294 19

1398 1675 1563 1731 molli
1607 1693 1672 1732 ac
1716 1674 2052 1733 dementat-1

1396 1782 1575 1838 raeeie
1617 1782 2025 1857 qermcmieque

1403 1888 1852 1961 (listinyuuntur

1390 1995 1665 2069 primum

1406 2121 1471 2159 ac
1515 2103 1814 2177 conspicuo:
1832 2103 1851 2139 1

1402 2227 1468 2265 ac
1512 2209 1685 2282 signa

1400 2316 1559 2390 apud
1591 2316 1923 2391 prinmpem

1403 2427 1454 2478 et
1487 2441 1597 2496 per

1408 2528 1502 2585 lexis

1398 2642 1642 2710 regnant

1399 2742 1707 2800 honestum

1396 2854 1583 2906 mente
1628 2850 1831 2907 animo

1397 2956 1528 3012 laus
1574 2961 1655 3013 est

1392 3062 1635 3136 fortuna
1669 3068 1967 3138 praestare

1404 3169 1643 3226 Traiani
1687 3170 2061 3244 imperatores

1396 3277 1594 3350 sepius

1391 3382 1552 3439 habet

1397 3490 1573 3546 etiam
1618 3489 1750 3564 ipsa
1796 3489 1900 3565 (ita
1930 3489 2001 3565 B)

1392 3601 1541 3653 retro
1588 3595 1826 3672 (delevit
1872 3595 1980 3673 H2)

1397 3703 1552 3759 cultu

1398 3810 1562 3866 ebetat
1608 3814 1659 3865 et

1397 3917 1620 3973 arboris·

1398 4024 1672 4080 labuntur
1714 4042 1876 4081 mare

1399 4148 1464 4186 ac
1498 4129 1770 4204 peditum

1399 4255 1507 4311 que
1552 4236 1837 4293 imbrium

2146 1570 2309 1628 Leet.
2358 1569 2518 1645 vulg.
2567 1575 2618 1627 et
2663 1570 2918 1627 danubio

2569 1677 2735 1734 molli
2779 1682 2830 1733 et
2874 1676 3175 1734 elementer

2542 1779 2559 1855 'v
2569 1784 2868 1857 yermanie
2910 1784 3198 1859 raetiaque

2576 1891 2908 1964 distirzyunt

2560 1997 2763 2071 primo

2574 2105 2631 2160 si
2675 2104 2976 2178 conspicui

2567 2215 2618 2267 et
2662 2211 2836 2284 sifflm

2567 2318 2727 2392 apud
2759 2317 3059 2392 prz'nmfpes

2574 2442 2640 2481 ac
2673 2443 2784 2498 per

2576 2530 2657 2587 iis

2568 2643 2890 2711 remeantur

2567 2744 2876 2802 honestum
2922 2748 3003 2801 est

2570 2857 2759 2908 mente
2804 2852 3121 2925 animoque

2567 2958 2698 3015 laus

2559 3069 2858 3138 praestare
2902 3063 3149 3138 fortuna

2568 3171 2939 3245 imperatoris
2992 3171 3239 3229 'Ib‘aiani

2568 3295 2734 3350 saepe

2566 3383 2770 3440 habent

2567 3490 2700 3564 ipsa
2745 3489 2922 3546 etiam

2568 3596 3008 3671 quadorumque

2568 3702 2837 3776 cultuque

2564 3809 2770 3866 hebetet

2571 3917 2846 3973 arborum
2891 3935 3012 3973 esse

2562 4042 2724 4080 mare
2770 4022 3047 4080 labuntur

2570 4134 2622 4187 et
2656 4129 2926 4204 peditum

2566 4235 2962 4310 imbriumque

826 4462 1205 4525 Leviorum
1276 4461 1898 4542 interpolat-ionum
1968 4460 2058 4523 ab
2132 4459 2586 4524 emendatore
2658 4460 2967 4541 quodam
3037 4462 3428 4544 factarum,

650 4570 938 4633 minime
986 4587 1158 4632 vero
1207 4568 1674 4648 genuinarum
1723 4567 2101 4631 lectionum
2153 4567 2462 4648 speciem
2508 4585 2682 4648 prae
2733 4586 2808 4631 se
2855 4568 3093 4631 ferunt
3138 4567 3320 4633 hae:

831 4788 854 4826 1
899 4788 1009 4846 His
1072 4788 1217 4845 locis
1282 4787 1540 4845 codicem
1604 4786 1660 4843 H
1724 4803 1951 4844 errasse
2016 4791 2284 4860 apparet:
2351 4803 2537 4861 neque
2613 4786 2768 4843 enim
2838 4785 3102 4845 Tacitum
3166 4805 3234 4845 ac
3292 4794 3434 4847 ante

645 4899 675 4937 ο
725 4878 982 4937 litteram
1026 4877 1424 4952 insequentem
1469 4894 1683 4951 ponere
1727 4875 1910 4933 fuisse
1958 4873 2197 4932 solitum
2241 4879 2400 4949 puto,
