3509 5600
1804 379 2243 440 -82—

1375 580 1653 637 Contenta
1702 577 1766 633 in
1813 575 1916 633 hoc
1962 574 2180 632 libello:

633 706 779 781 folt'o
831 707 860 763 1
912 704 1141 762 Lucius
1174 703 1391 761 Florus
1423 702 1713 778 epithema
1742 701 1812 758 fin
1846 705 1879 758 t.
1910 699 2133 756 linium·
2174 734 2251 740 —
2290 698 2523 773 scripsit
2565 705 2813 772 tempore
2852 696 3097 754 Traiani
3135 696 3379 771 (Impera-

2891 804 3035 861 toris
3080 803 3280 861 adiecit
3308 802 3380 880 82)

786 904 862 960 77
916 901 1126 958 Petrus
1180 898 1480 957 Candidus
1526 898 1590 955 de
1636 897 1806 954 rebus
1848 896 2026 971 yestis
2090 891 2115 1067 ἒ
2403 950 2413 960 ,
2498 949 2529 1006 ,t
2687 954 2707 1005 t
2821 952 2840 1004 t
3117 947 3185 1004 N
3304 945 3343 1002 l,

1532 1004 1745 1079 populi
1789 1004 2027 1061 romam,
2166 984 2247 991 -
2296 968 2507 1024 sorzpst
2575 968 2684 1006 nos
2706 967 2773 1006 ro
2842 966 3071 1022 empore
3175 964 3301 1021 eapo
3321 965 3342 1003 ι

784 1097 859 1155 91
914 1095 1145 1171 Russus
1197 1095 1407 1153 Seoetus
2162 1126 2250 1136 —
2294 1092 2528 1167 scripsit
2574 1097 2822 1166 tempore
2881 1088 3275 1160 Valentiniani

741 1203 858 1262 101
912 1201 1260 1277 Augustalis
1308 1201 1662 1258 Bettecenuti
2160 1235 2244 1242 —
2293 1200 2528 1274 sempsit
2573 1217 2732 1255 anno
2788 1196 2941 1255 CCL

742 1310 862 1367 120
922 1308 1226 1367 Cornelius
1250 1308 1477 1365 Tacitus
1500 1306 1565 1363 de
1585 1307 1763 1380 ⁴‹je-stis·
1786 1311 1837 1363 et
1860 1306 2039 1363 mori—

1436 1414 1543 1471 lms
1598 1413 2032 1472 Germanorum
2161 1385 2243 1392 —
2297 1358 2530 1434 scrip-Sit
2576 1363 2824 1433 tempore
2867 1354 3214 1431 Vespasiani

980 1539 1369 1598 Smnmmwm
1404 1537 1758 1613 pontificum

741 1639 864 1696 134
974 1645 1397 1720 Imperatorum
2136 1636 2286 1693 armi
2330 1640 2381 1693 et
2426 1635 2875 1710 supputam'ostws

976 1752 1485 1827 Areleiepiseormn
1528 1757 1581 1808 et
1626 1752 1794 1826 epi-sa
1843 1746 1985 1810 {ffb}

742 1861 864 1918 138
915 1860 1103 1917 Arbor
1147 1858 1359 1915 damme
1412 1858 1703 1916 Austrme.

818 2100 1018 2182 Quae
1068 2119 1158 2164 ex
1208 2101 1313 2163 his
1373 2100 1668 2183 aliisque
1727 2101 2003 2165 indiciis
2066 2101 2152 2165 de
2214 2102 2378 2165 fatis
2436 2101 2710 2166 codicis
2757 2099 2976 2163 nostri
3034 2100 3392 2164 enucleare
3487 2164 3488 2171 χ

639 2209 853 2291 potui,
902 2209 1084 2272 haec
1131 2207 1280 2271 fere
1330 2217 1526 2271 sunt:
1585 2209 1816 2289 prima
1864 2209 2269 2290 conscripta
2316 2213 2423 2272 est
2470 2208 2775 2290 epitome
2822 2206 2900 2272 L.
2934 2206 3148 2284 Flori,
3202 2212 3394 2286 utque

639 2334 678 2380 e
728 2316 1122 2396 scripturae
1174 2314 1500 2379 ductibus
1547 2315 1745 2396 sequi
1795 2316 2096 2395 videtur,
2146 2316 2344 2379 initio
2391 2334 2443 2379 s.
2492 2314 2626 2377 XV
2674 2315 2744 2378 in
2796 2313 3037 2393 Italia3
3088 2310 3397 2395 pervenit

641 2420 893 2486 deinde
942 2422 1055 2485 hic
1105 2421 1331 2485 codex
1380 2422 1450 2483 in
1501 2421 1956 2487 Germaniam
2001 2423 2406 2503 australem,
2448 2423 2568 2487 ubi
2610 2422 2675 2486 ei
2718 2423 2808 2485 ab
2854 2438 2991 2483 uno
3025 2419 3398 2500 eodemque

641 2529 928 2593 librario
993 2528 1440 2591 addebantur
1506 2527 1864 2592 Candidus
1925 2528 2179 2593 Sextus
2243 2529 2654 2610 Augustalis
2717 2526 3037 2591 Tacitus:
3112 2526 3396 2590 eundem

637 2636 850 2699 fuisse
892 2635 1257 2698 librarium
1305 2635 1659 2716 scriptura
1697 2635 1924 2716 docet,
1968 2636 2035 2698 in
2084 2633 2469 2700 Germania
2509 2634 2803 2699 australi
2846 2652 3008 2698 eum
3049 2637 3398 2698 versatum

639 2761 792 2808 esse
842 2747 1142 2824 apparet
1190 2760 1229 2805 e
1278 2742 1458 2805 notis
1507 2742 1946 2825 quibusdam,
2005 2760 2182 2825 quas
2231 2741 2657 2808 Germaniae
2707 2741 2986 2823 adiecit,
3026 2741 3401 2827 Hunqaros,

641 2849 1016 2929 Auem-iam,
1055 2849 1410 2913 Australes
1458 2850 1529 2911 in
1578 2851 2182 2931 comparationem
2225 2869 2514 2915 vocans.
2580 2849 2910 2916 Ceterum
2958 2849 3030 2912 hi
3081 2854 3402 2932 quattuor

640 2956 800 3020 libri
871 2955 1118 3018 eodem
1194 2956 1528 3036 temporis
1594 2956 1839 3020 ordine
1906 2957 2152 3039 scripti
2217 2965 2399 3038 sunt,
2467 2976 2604 3039 quo
2670 2975 2746 3021 se
2811 2957 2884 3019 in
2949 2956 3103 3037 ipso
3170 2955 3405 3020 codice

640 3067 1062 3144 sequuntur:
1128 3061 1598 3142 conglutinati
1658 3069 1822 3126 sunt
1877 3082 2006 3145 per
2061 3063 2407 3145 senioneS,
2455 3068 2527 3128 et
2574 3063 2904 3127 desinunt
2950 3063 3224 3143 priores
3268 3065 3405 3124 tres

642 3168 872 3232 medio
930 3170 1001 3231 in
1058 3168 1367 3249 senione,
1432 3170 1904 3251 subsequente
1968 3170 2040 3232 in
2103 3171 2349 3233 eodem
2412 3170 2699 3234 senione
2764 3169 2990 3234 altero
3055 3168 3404 3251 opusculo,

648 3276 877 3357 Atque
939 3274 1040 3339 sic
1103 3275 1500 3356 terminum,
1568 3279 1726 3357 post
1800 3294 2006 3357 quem
2078 3282 2380 3340 exarata
2448 3281 2555 3340 est
2625 3274 3030 3357 Germania,
3103 3280 3405 3340 statuere

642 3399 1046 3463 possumus:
1097 3381 1427 3445 desinunt
1472 3383 1660 3445 enim
1693 3382 2101 3462 Augustalis
2143 3384 2584 3448 Benevenuti
2632 3382 2968 3447 historiae
3017 3401 3206 3447 anno
3244 3386 3403 3449 1439

641 3492 712 3552 et
777 3506 820 3551 a
885 3488 1174 3551 librario
1241 3507 1330 3552 ex
1397 3490 1683 3553 Aeneae
1750 3489 2077 3554 Senensis
2143 3490 2325 3554 notis
2382 3490 2771 3572 perductae
2826 3494 2991 3553 sunt
3047 3507 3268 3571 usque
3323 3487 3408 3552 ad

645 3613 907 3659 annum
992 3600 1181 3661 1457.
1329 3595 1576 3659 Altera
1653 3615 1743 3660 ex
1823 3601 2046 3678 parte,
2128 3615 2289 3661 cum
2370 3595 2825 3661 Germaniam
2895 3597 3409 3678 subsequantur

642 3701 912 3766 indices
946 3702 1343 3784 episcorum
1377 3709 1447 3766 et
1473 3703 2074 3784 archiepiscorum
2099 3703 2742 3784 Salzburgiensium
2780 3722 2999 3785 usque
3033 3704 3125 3767 ad
3152 3719 3406 3767 annum

653 3812 812 3874 1461
838 3807 1182 3889 perducti,
1205 3813 1277 3872 et
1294 3809 1800 3873 Burckhardus
1828 3810 2108 3873 ultimus
2134 3810 2383 3873 horum
2405 3811 2897 3892 episcoporum
2913 3810 3177 3875 vixerit
3194 3826 3407 3892 usque

646 3913 738 3978 ad
781 3933 1042 3977 annum
1089 3921 1278 3994 1466,
1329 3914 1784 3979 Germaniam
1826 3917 2012 3979 intra
2056 3934 2279 3980 annos
2317 3921 2482 3983 1457
2519 3921 2590 3980 et
2635 3921 2802 3983 1466
2847 3922 3221 3980 exaratam
3264 3932 3409 3980 esse

644 4025 940 4102 oportet.
1012 4020 1284 4086 Scimus
1332 4023 1517 4086 enim
1564 4023 2104 4087 Burckhardum
2155 4024 2567 4106 episcopatu
2603 4042 2787 4088 anno
2827 4029 2994 4090 1466
3031 4022 3410 4088 decessisse

645 4146 684 4191 e
746 4133 915 4190 nota
976 4147 1226 4191 manus
1290 4129 1727 4209 recentioriS,
1795 4148 1978 4211 quae
2050 4135 2121 4194 et
2182 4133 2491 4195 arborem
2555 4131 2871 4195 comitum
2932 4130 3013 4193 de
3076 4130 3411 4213 hapsbary

645 4235 761 4297 fol.
831 4240 995 4301 138v
1070 4241 1141 4298 et
1216 4236 1516 4299 indicem
1595 4237 1662 4298 in
1740 4242 2147 4318 tegumento
2221 4237 2547 4302 confecit.
2651 4235 2777 4301 Cui
2840 4236 3054 4300 indici
3119 4254 3280 4300 cum
3341 4234 3408 4317 S²

646 4358 913 4421 manuS‚
965 4343 1217 4423 capitis
1268 4342 1660 4406 XXXVII9
1709 4343 2107 4426 recordata,
2159 4344 2379 4408 addat
2432 4344 2898 4427 imperatoris,
2947 4344 3287 4423 sequitur,
3344 4341 3409 4424 S²

647 4447 962 4512 codicem
1014 4454 1328 4512 nostrum
1386 4451 1544 4529 post
1592 4467 1853 4512 annum
1911 4456 2074 4516 1466
2126 4450 2537 4515 correxisse.
2591 4489 2673 4496 —
2724 4448 3266 4528 Conglutinatus
3315 4454 3414 4512 est

646 4554 871 4618 codex
921 4563 1158 4618 noster
1205 4555 1275 4618 in
1326 4555 1641 4636 epistulis
1691 4556 2110 4636 quibusdam
2155 4556 2555 4621 chartaceis
2597 4557 2763 4620 anni
2815 4559 3002 4634 1437,
3049 4554 3136 4618 de
3180 4555 3413 4637 aliquo

635 4663 1058 4744 patrimonio
1107 4664 1179 4726 in
1214 4662 1487 4745 Aspach
1530 4663 1982 4744 conscriptis:
2036 4664 2155 4745 qui
2198 4663 2400 4728 vicus
2443 4663 2513 4726 in
2546 4663 2838 4741 regione
2869 4662 3198 4726 Austriae
3233 4678 3413 4745 quae

647 4773 947 4832 vocatur
995 4769 1362 4833 Imwiertel
1410 4767 1582 4832 situs
1630 4786 1757 4832 nos
1805 4769 1877 4831 in
1935 4769 2236 4833 eandem
2294 4768 2719 4834 Germaniae
2780 4774 3059 4851 partem
3120 4769 3412 4851 relegat.

646 4873 704 4936 E
750 4876 1188 4957 possessione
1238 4875 1883 4957 Salzburgiensium
1931 4876 2110 4940 liber
2167 4875 2260 4940 ad
2309 4875 2753 4940 Ruodolffum
2798 4876 3218 4940 Hallderum
3268 4892 3414 4959 per·
