3509 5600
1267 380 1711 441 —75—

126 567 393 649 corrigit
449 569 518 631 in
579 569 956 633 lectionem
1013 570 1405 650 vulgatam,
1471 570 1589 633 ubi
1653 570 2040 657 quemlibet
2102 571 2419 636 codicem
2482 572 2879 637 traditionis

126 674 307 737 huius
355 676 553 740 adire
602 677 826 758 potuit
874 676 985 759 V„
1036 693 1336 760 eamque
1384 678 1472 739 ob
1522 694 1670 740 rem
1720 678 1934 740 etiam
1993 685 2194 741 suum
2252 679 2747 760 archetypum:
2807 679 2880 742 hi

125 782 247 846 loci
290 783 361 845 in
408 783 642 847 indice
690 791 929 847 nostro
979 803 1061 847 eo
1111 783 1444 861 cognosci
1493 790 1803 865 possunt,
1849 785 2035 865 quod
2079 785 2161 848 iis
2204 785 2553 849 consentit
2585 786 2671 869 V2
2718 804 2878 851 cum

128 889 406 953 lectione
457 891 776 969 vulgata,
826 891 1023 954 nulla
1071 891 1413 953 adnotata
1460 890 1859 954 differentia
1906 891 2089 955 inter
2139 891 2327 973 ipsos
2376 893 2694 973 vulgaris
2743 897 2880 956 tra-

130 996 385 1060 ditionis
437 998 719 1062 codices
771 999 1138 1061 existente.
1227 1004 1515 1061 Restant
1567 998 1871 1080 denique
1925 1017 2053 1062 eae
2106 999 2464 1079 lectiones,
2508 999 2580 1061 in
2624 1001 2876 1081 quibus

129 1103 291 1167 inter
330 1123 404 1167 se
441 1104 849 1187 discrepant
892 1105 1173 1169 codices
1217 1105 1511 1185 vulgati,
1556 1109 1626 1167 et
1660 1103 1746 1187 V,
1794 1105 2000 1167 modo
2043 1105 2179 1169 hoc
2210 1105 2415 1167 modo
2449 1106 2621 1168 illud
2654 1123 2878 1186 genus

28 1260 29 1269 ,
130 1211 442 1292 sequitur,
510 1212 693 1293 quod
758 1213 1024 1276 factum
1085 1230 1238 1275 esse
1289 1211 1672 1275 secundum
1724 1211 1988 1276 codicis
2038 1212 2333 1275 alicuius
2382 1213 2877 1277 auctoritatem

28 1404 29 1409 ἵ
130 1322 426 1398 apparet,
473 1319 591 1400 qui
634 1322 703 1381 et
746 1320 894 1399 ipse
930 1318 1135 1381 modo
1171 1318 1289 1381 AB
1323 1318 1530 1381 modo
1565 1317 1684 1383 OD
1728 1318 2051 1382 codicum
2097 1318 2433 1382 lectiones
2476 1320 2878 1383 exhibebat.

131 1422 314 1503 Quod
359 1425 461 1487 ita
509 1425 721 1488 fuisse
769 1426 837 1487 in
891 1426 1135 1489 codice
1182 1423 1249 1487 H
1305 1443 1520 1505 supra
1568 1431 1658 1506 (p.
1696 1430 1807 1505 43)
1856 1424 2526 1489 demonstravimus:
2578 1444 2878 1507 cumque

28 1554 31 1601 ;
131 1530 446 1594 lectiones
504 1532 599 1594 ibi
658 1532 921 1595 allatae
990 1550 1251 1611 magna
1317 1550 1405 1595 ex
1472 1538 1676 1613 parte
1743 1531 1957 1595 etiam
2026 1531 2095 1593 in
2164 1530 2410 1594 codice
2466 1531 2528 1594 V
2579 1537 2878 1613 exstent,

131 1655 383 1700 sumere
447 1639 851 1719 poterimuS,
913 1641 1129 1702 etiam
1190 1638 1655 1719 archetypum
1715 1638 2039 1702 codicum
2096 1636 2161 1699 H
2210 1641 2280 1701 et
2327 1637 2387 1699 V
2437 1638 2756 1701 variasse
2804 1639 2876 1701 in

134 1744 454 1824 eligendis
521 1750 643 1808 aut
700 1745 817 1808 AB
877 1752 999 1808 aut
1058 1744 1175 1810 OD
1240 1744 1562 1809 codicum
1631 1745 2085 1808 lectionibus:
2154 1762 2374 1825 quare
2442 1763 2663 1808 causa
2738 1763 2876 1808 non

28 1874 31 1923 ,·
134 1855 242 1928 est,
303 1870 427 1915 cur
491 1852 620 1915 has
683 1852 1046 1931 lectioneS,
1098 1870 1273 1933 quas
1322 1851 1408 1935 V,
1461 1851 1666 1914 modo
1724 1871 1814 1915 ex
1863 1852 1983 1916 AB
2041 1852 2246 1914 modo
2305 1871 2395 1915 ex
2445 1851 2565 1916 CD
2616 1871 2879 1931 genere

28 1980 31 1999 ·
133 1957 325 2038 eligit,
382 1977 473 2022 ex
531 1977 614 2021 eo
672 1966 863 2022 ortas
914 1977 1052 2021 non
1111 1977 1263 2021 esse
1323 1958 1861 2036 contendamus;
1926 1977 2228 2039 cumque
2298 1959 2380 2022 iis
2437 1960 2879 2041 lectionibuS,

134 2064 358 2144 quibus
393 2064 479 2148 V2
534 2067 881 2130 consentit
933 2084 1093 2129 cum
1142 2065 1227 2146 H,
1278 2084 1635 2146 cogamur,
1687 2075 1762 2128 ut
1810 2064 1895 2148 V2
1951 2066 2333 2129 correctori
2383 2083 2584 2128 usum
2638 2065 2880 2131 arche-

135 2173 259 2253 typi
318 2173 505 2236 illius
569 2174 1028 2250 vindicemuS,
1095 2173 1406 2254 reliquas
1476 2191 1754 2254 quoque
1819 2179 2284 2251 correcturas,
2349 2173 2581 2254 quoad
2645 2191 2783 2235 non
2842 2191 2880 2236 e

133 2296 237 2341 suo
297 2281 581 2361 ingenio
648 2299 770 2343 eas
827 2282 1288 2362 interpolavit
1330 2280 1448 2362 V2,
1508 2299 1597 2343 ex
1653 2281 1790 2344 hoc
1847 2284 2238 2360 archetypo
2299 2286 2660 2360 profectas
2727 2298 2881 2344 esse

135 2388 647 2457 autumabimuS.

283 2493 389 2556 Ex
437 2494 523 2555 iis
574 2511 756 2575 quae
808 2496 1030 2575 attuli,
1074 2495 1245 2557 satis
1286 2494 1454 2556 mihi
1499 2512 1849 2576 apparere
1894 2494 2192 2574 videtur,
2228 2493 2573 2574 quomodo
2611 2493 2877 2556 factum

135 2598 224 2679 sit,
267 2605 339 2663 ut
385 2601 669 2681 saepius
719 2610 1116 2681 congruant
1163 2599 1228 2662 H
1276 2606 1346 2664 et
1390 2600 1507 2683 V„
1559 2601 1620 2664 V
1667 2607 1737 2663 et
1785 2599 1908 2683 H„
1959 2600 2267 2681 quidque
2329 2600 2492 2662 inde
2552 2600 2639 2662 de
2698 2617 2876 2664 com-

136 2707 298 2769 muni
353 2706 660 2787 quodam
720 2707 1110 2789 archetypo
1170 2708 1459 2788 eiusque
1509 2707 1927 2771 lectionibus
1977 2707 2391 2770 innotescat.
2486 2705 2753 2786 Restat,
2804 2713 2879 2768 ut

135 2812 253 2876 iam
311 2814 623 2895 reliquas
685 2816 1025 2880 lectiones
1088 2814 1409 2879 codicum
1468 2814 1533 2877 H
1589 2819 1659 2877 et
1707 2813 1771 2876 V
1818 2813 2360 2894 consideremuS,
2412 2813 2646 2895 quoad
2696 2814 2879 2876 inter

135 2936 197 2982 se
249 2921 594 3002 differunt,
658 2926 728 2985 et
784 2922 1172 3003 videamnS,
1231 2940 1399 2984 num
1457 2921 1809 2984 dissensus
1859 2939 2098 2984 eorum
2152 2921 2312 2984 talis
2360 2920 2467 3000 sit,
2519 2920 2748 3001 qualis
2804 2920 2876 2982 in

137 3024 374 3091 duobus
418 3028 779 3092 codicibus
812 3047 903 3092 ex
946 3046 1082 3090 uno
1127 3028 1515 3109 eodemque
1557 3031 1749 3091 fonte
1795 3027 2135 3091 derivatis
2166 3027 2506 3092 exsistere
2540 3030 2872 3107 nequeat.

138 3130 371 3212 Quodsi
447 3136 746 3199 facimus
813 3140 883 3198 et
949 3135 1254 3198 leviores
1326 3134 1840 3215 discrepantias
1910 3134 2264 3198 scribendi
2334 3133 2608 3196 ratione
2685 3137 2877 3196 ortas

137 3242 543 3322 neglegimus
577 3261 805 3323 neque
830 3260 1102 3323 paucas
1128 3242 1287 3304 illas
1313 3242 1754 3322 corruptelas
1781 3241 1854 3303 in
1880 3241 2105 3304 altero
2132 3245 2288 3303 utro
2322 3240 2568 3304 codice
2607 3240 2878 3302 librarii

138 3347 318 3429 culpa
364 3354 726 3412 exstantes
775 3367 1125 3429 curamus,
1186 3349 1567 3411 nonnullae
1624 3348 1964 3411 lectiones
2028 3352 2317 3428 restant,
2382 3365 2683 3429 quarum
2748 3347 2879 3410 dis-

138 3469 350 3519 sensus
411 3456 514 3518 ita
580 3455 1048 3536 explicandus
1116 3458 1240 3536 est,
1306 3459 1382 3518 ut
1452 3454 1633 3518 alter
1703 3454 1931 3518 codex
2003 3455 2427 3535 scripturam
2500 3454 2878 3534 archetypi

123 3560 313 3624 'aliter
358 3561 789 3625 intellexerit
837 3566 1050 3642 atque
1101 3561 1301 3624 alter.
1397 3560 1607 3624 Tales
1654 3561 1996 3625 lectiones
2047 3568 2237 3624 sunt:

451 3739 620 3820 Cap.
717 3739 880 3802 1112
975 3743 1033 3802 H
1064 3745 1350 3802 vistonem
1840 3742 1895 3799 V
1928 3744 2211 3801 bistonem

1065 3851 1385 3908 tui-sconem
1918 3851 2232 3908 tmssstonem

800 3959 879 4016 13
1062 3977 1360 4015 mannum
1924 3958 2225 4014 iwannum

685 4060 787 4122 III
806 4066 884 4123 14
1068 4065 1337 4123 lacunam
1382 4064 1620 4138 indicat,
1914 4105 2300 4180 Hoxcnuoytov

1065 4170 1287 4230 Graeca
1332 4189 1448 4230 non
1494 4188 1705 4230 curans
2143 4161 2161 4182 ⁸

474 4274 785 4337 XXXIV
846 4281 876 4337 1
1063 4279 1365 4336 duleubini
1917 4277 2237 4335 dulcubzmi

439 4380 783 4444 XXXVII
842 4389 879 4445 8
1063 4404 1261 4444 consu.
1920 4403 2105 4442 conss,

660 4488 786 4550 XL
849 4497 884 4552 5
1068 4467 1374 4550 ‘Daimonos
1921 4491 2244 4548 nurthones

552 4593 781 4657 XLIII
795 4601 831 4657 3
844 4601 874 4657 1
1066 4599 1306 4674 lemonij
1919 4598 2150 4673 lemovij

288 4769 363 4831 In
410 4771 516 4834 his
565 4771 887 4835 omnibus
936 4772 1332 4854 scripturae
1382 4771 1653 4853 ductus,
1690 4787 1880 4852 quas
1936 4770 2336 4834 exhibuerit
2383 4769 2874 4851 archetypum,

139 4876 508 4956 perspicere
558 4879 793 4943 adhuc
838 4897 1231 4961 possumus
1327 4878 1693 4943 Difficilior
1738 4897 1853 4942 res
1901 4884 2008 4942 est
2054 4878 2125 4940 in
2173 4877 2667 4958 sequentibus:

2570 5003 2668 5053 10*
