3509 5600
1268 383 1757 444 —121—

118 574 409 656 scripsit
473 575 530 638 is
596 580 883 657 praeter
949 574 1093 637 alia
1156 574 1511 638 historiam
1576 593 1806 637 rerum
1873 573 2211 637 Friderici
2259 572 2381 634 ΙΙΙ
2435 572 2906 656 Imperatoria

120 682 313 745 unde
361 682 487 758 illa
534 690 878 763 excerpta
924 699 1077 745 esse
1126 681 1352 762 primo
1402 682 1648 743 obtutu
1694 686 2005 762 putares.
2065 678 2203 744 Sed
2248 684 2420 742 nota
2465 680 2900 760 marginaliS,

119 806 160 851 e
197 807 343 870 qua
374 788 556 854 haec
588 789 877 853 Aeneae
926 788 1199 853 auctori
1248 788 1635 869 tribuimuS,
1686 790 2040 870 expressis
2085 788 2327 852 verbis
2374 788 2578 852 dicit:
2629 789 2906 852 addidit

116 916 400 978 sequens
448 895 678 959 Enea3
728 894 1060 975 Senensis,
1120 911 1262 975 qua
1323 900 1494 957 nota
1555 893 1690 959 hoc
1746 894 2306 959 additamentum
2355 913 2497 958 non
2545 914 2583 959 e
2632 895 2901 959 maiore

119 1001 429 1082 quodam
459 1019 673 1083 opere
699 1008 1116 1082 excerptum
1141 1000 1362 1064 sedin
1389 1001 1689 1064 eandem
1713 1002 2034 1083 formam,
2070 1019 2282 1083 quam
2315 1020 2505 1067 nunc
2538 1002 2907 1083 habemus,

119 1109 493 1173 redactum
543 1107 1000 1189 additumque
1048 1125 1202 1171 esse
1253 1108 1344 1171 ab
1392 1107 1544 1188 ipso
1595 1107 1844 1171 Aenea
1903 1125 2182 1172 sumere
2245 1127 2604 1190 cogamur,
2668 1109 2903 1191 idque,
3021 1108 3026 1113 ’

122 1220 199 1278 ut
239 1233 355 1278 res
392 1216 549 1294 fert,
583 1216 654 1277 in
698 1214 1089 1295 archetypo
1133 1214 1397 1278 codicis
1439 1214 1678 1278 nostri.
1730 1214 2113 1294 Quaeritur
2154 1234 2363 1297 nunc,
2408 1233 2501 1279 an
2540 1216 2611 1278 in
2653 1216 2906 1280 eodem

120 1321 539 1403 archetype,
589 1340 628 1385 e
678 1338 815 1402 quo
863 1320 1193 1384 librarius
1241 1325 1479 1383 noster
1511 1320 1976 1401 Augustalem
2016 1321 2456 1386 Benevenuti
2504 1323 2899 1405 exscripsit,

117 1428 412 1492 infuerit
461 1429 677 1492 etiam
722 1427 1110 1493 Germania
1158 1432 1420 1492 nostra.
1514 1426 1788 1491 Scimus
1834 1428 1996 1509 iam,
2045 1430 2361 1492 Aeneam
2410 1430 2593 1493 inter
2640 1430 2907 1510 primos

117 1536 358 1617 fuisse,
393 1537 512 1617 qui
548 1534 1003 1600 Germaniam
1038 1535 1267 1598 denuo
1302 1541 1658 1615 repertam
1692 1535 2160 1615 cognoverint
2192 1536 2308 1619 (cf.
2344 1536 2574 1617 Voigt,
2619 1538 2904 1600 Wieder-

118 1643 441 1728 belebunq
472 1644 588 1706 des
621 1641 1024 1705 classischen
1057 1641 1431 1704 Alte-rtums
1463 1640 1514 1721 1,
1548 1658 1616 1722 p.
1646 1646 1772 1707 257
1808 1646 1998 1723 not.),
2034 1643 2295 1724 quippe
2330 1643 2449 1724 qui
2482 1644 2554 1706 in
2588 1650 2897 1708 tractatu

120 1751 431 1833 quodam
480 1751 573 1813 ad
619 1750 998 1814 Martinum
1046 1749 1412 1829 Mayerum
1460 1748 1725 1813 Romae
1774 1749 1933 1815 Kal.
1982 1748 2188 1814 Febr.
2245 1755 2413 1817 1458
2473 1751 2667 1830 dat0,
2717 1758 2900 1832 post-

120 1875 336 1939 quam
385 1858 727 1921 nonnulla
774 1857 1102 1920 disseruit
1150 1857 1236 1920 de
1287 1862 1607 1920 veterum
1656 1855 2171 1922 Germanorum
2226 1858 2556 1939 moribuS,
2615 1865 2902 1940 pergat:

118 1965 223 2029 his
271 1965 531 2029 similia
580 1965 661 2028 de
709 1962 1071 2027 Germanis
1125 1965 1360 2027 scribit
1413 1960 1762 2027 Cornelius
1820 1964 2115 2045 Tacitae,
2173 1986 2365 2048 quem
2425 1966 2498 2028 in
2549 1966 2900 2029 Hadriani

121 2079 430 2155 tempora
471 2072 840 2135 incurrisse
860 2071 1235 2153 perhibent.
1287 2087 1470 2151 quae
1512 2071 1738 2134 verba
1779 2071 2094 2151 sequitur
2141 2071 2501 2137 rhetorica
2548 2073 2902 2153 quaedam

121 2179 584 2261 paraphrasis
620 2178 934 2260 priorum
975 2177 1401 2243 Germaniae
1441 2177 1776 2258 capitum.
1826 2176 1976 2257 Ego
2011 2178 2148 2242 hoc
2187 2183 2500 2243 tractatu
2544 2198 2707 2242 usus
2746 2196 2896 2242 sum

121 2285 315 2368 apud
362 2284 808 2350 Dominicum
858 2285 1116 2348 Basam
1163 2283 1427 2348 Romae
1478 2301 1663 2347 anno
1719 2290 1889 2351 1584
1948 2285 2136 2349 edito
2196 2303 2338 2349 una
2401 2303 2562 2350 cum
2610 2285 2898 2350 Aeneae

119 2392 253 2476 (Pii
314 2392 408 2474 ΙΙ)
479 2390 1037 2456 commentariis:
1110 2390 1206 2454 ibi
1275 2391 1473 2454 locus
1542 2390 1750 2453 modo
1822 2392 2141 2472 prolatus
2210 2392 2570 2456 invenitur
2631 2411 2697 2474 p.
2749 2398 2898 2458 690.

118 2500 369 2580 Neque
417 2504 676 2583 tamen,
728 2506 803 2561 ut
849 2498 1190 2579 VoigtiuS,
1240 2497 1684 2579 crediderim,
1749 2516 1789 2561 e
1846 2499 2188 2562 memoria
2250 2505 2525 2563 tantum
2581 2500 2899 2563 Aeneam

14 2626 15 2639 ¹
117 2607 497 2690 protulisse
546 2622 731 2686 quae
764 2605 851 2669 de
887 2604 1272 2671 Germania
1306 2604 1494 2686 dicit,
1535 2604 1661 2668 sed
1692 2606 1923 2669 studio
1962 2624 2086 2669 suo
2126 2605 2480 2671 rhetorico
2515 2607 2898 2670 adductum

120 2731 298 2795 esse,
349 2718 425 2776 ut
472 2712 792 2777 consulto
844 2720 1154 2776 mutaret
1186 2711 1482 2777 Tacitea
1510 2713 1765 2793 verba3
1814 2717 1977 2775 sunt
2009 2712 2196 2776 enim
2235 2713 2392 2793 loci,
2430 2713 2547 2794 qui
2581 2713 2901 2776 Aeneam

12 2839 13 2904 j
119 2840 337 2885 manu
382 2820 701 2901 diligenti
743 2821 1111 2902 exemplar
1152 2820 1508 2901 quoddam
1535 2818 1904 2883 Taciteum
1938 2820 2341 2884 versavisse
2385 2820 2898 2886 demonstrent:

138 3047 146 3055 ,
186 3001 258 3065 p.
310 2987 497 3048 690ss
587 3005 797 3043 rarum
842 2985 1002 3060 apud
1046 3003 1142 3042 eos
1187 2990 1514 3058 amentum,
1561 2984 1763 3041 rarius
1809 3003 2030 3041 aumm
2275 3011 2342 3033 z
2733 2981 2794 3044 V
2863 2989 2903 3046 8

462 3108 502 3153 C
593 3093 760 3151 nulla
806 3094 1134 3151 litterarum
1179 3093 1430 3167 ooynitio
2270 3119 2336 3142 z
2621 3089 2793 3152 XIX
2862 3097 2900 3154 3

591 3200 876 3259 humanis
921 3218 1087 3275 saepe
1132 3199 1342 3257 hostiis
1385 3200 1619 3258 litatum
2270 3225 2338 3249 Ξ
2695 3196 2798 3259 ΙΧ
2862 3203 2898 3260 2

455 3324 501 3366 D
582 3313 721 3384 post
779 3326 972 3365 annos
1030 3307 1320 3379 ἀπεψίας,
1371 3313 1693 3382 postquam
1739 3353 1751 3366 .
1788 3353 1800 3365 .
1835 3352 1848 3365 .
1883 3352 1895 3365 .
1935 3307 2026 3364 de-

869 3414 1066 3471 bellari
1110 3419 1302 3488 coepta
1347 3419 1429 3470 est
2275 3439 2342 3462 Ξ
2461 3409 2804 3474 XXXVII
2820 3418 2901 3475 10

194 3536 266 3600 p·
317 3523 442 3584 697
456 3539 500 3581 Β
590 3541 767 3580 venas
827 3522 966 3579 auri
1033 3526 1202 3596 atque
1271 3522 1523 3596 aryenti,
1587 3540 1736 3597 quas
1796 3521 2031 3596 iynora-

868 3633 1073 3686 verunt
1120 3618 1312 3703 prisci
2274 3653 2342 3678 =
2749 3624 2806 3687 V
2822 3631 2902 3688 10

12 3905 13 3910 ¹
302 3820 504 3901 Quae
562 3820 799 3883 omnia
854 3819 1140 3883 Aeneae
1199 3819 1504 3883 studium
1568 3820 1779 3884 altius
1843 3820 1914 3883 in
1973 3818 2429 3885 Germaniam
2489 3828 2901 3902 penetrasse

122 3928 628 4007 demonstrant,
673 3932 762 4005 et,
809 3934 883 3988 ut
921 3931 1090 3990 tunc
1129 3927 1465 4007 temporis
1502 3927 1714 3989 moris
1757 3927 1907 4008 fuit,
1953 3945 2112 3990 eum
2155 3928 2641 4009 apographum
2678 3929 2899 3992 libelli

120 4034 343 4098 nostri
407 4034 539 4097 sibi
604 4034 856 4098 fecisse
922 4035 1071 4097 fere
1138 4038 1409 4098 certum
1476 4040 1601 4115 est,
1663 4052 1823 4098 cum
1881 4042 2154 4098 textum
2212 4035 2360 4099 eius
2408 4036 2695 4100 Aeneae
2754 4042 2899 4099 tam

117 4140 542 4205 familiarem
592 4158 746 4205 esse
794 4139 1197 4205 Videamus:
1258 4158 1395 4222 quo
1451 4140 1522 4204 in
1581 4142 1998 4222 apographo
2057 4160 2218 4205 eum
2275 4143 2699 4207 coniecturis
2760 4161 2899 4205 non

117 4248 525 4330 pepercisse
573 4248 726 4311 veri
774 4248 999 4312 simile
1048 4254 1174 4312 est.
1247 4250 1399 4313 Iam
1445 4249 1515 4313 in
1566 4253 1878 4313 tractatu
1927 4267 2052 4313 suo
2101 4250 2409 4331 loquitur
2457 4268 2523 4331 p.
2576 4256 2762 4317 6900
2813 4250 2899 4313 de

118 4354 390 4418 vivendi
454 4355 594 4417 ritu
662 4353 1206 4438 Germanorum,
1265 4364 1336 4420 et
1390 4357 1540 4437 ipse
1598 4374 1879 4438 quoque
1945 4362 2293 4422 tractatus
2348 4357 2420 4419 in
2479 4357 2899 4438 quibusdam

118 4460 543 4525 editionibus
591 4461 869 4525 titulum
927 4463 1210 4544 accepit
1257 4464 1336 4526 de
1382 4463 1522 4526 ritu
1567 4464 1704 4527 situ
1751 4464 2050 4528 moribus
2099 4471 2161 4527 et
2209 4464 2587 4528 conditione
2622 4463 2900 4527 Germa-

116 4587 398 4649 norum3
447 4575 825 4650 praeterea
870 4588 938 4651 p.
990 4576 1177 4636 6940
1226 4574 1730 4633 commemorat
1777 4570 2233 4634 Prutenorum
2295 4571 2652 4652 populum.
2748 4571 2899 4634 Iam

114 4677 343 4740 habes
377 4676 694 4741 codicem
725 4676 792 4758 S,
842 4678 1041 4741 cuius
1089 4676 1445 4758 particula
1492 4677 1847 4758 quaedam
1896 4678 2316 4758 deprompta
2363 4684 2468 4741 est
2517 4696 2607 4740 ex
2656 4677 2898 4741 arche-

116 4789 292 4863 typo
342 4783 527 4863 quod
560 4783 846 4847 Aeneae
894 4785 1023 4847 sub
1072 4782 1397 4847 manibus
1443 4784 1611 4847 fuit:
1663 4785 1980 4865 sequitur
2026 4784 2215 4848 hanc
2261 4785 2687 4865 particulam
2732 4784 2900 4851 Ger-

115 4888 382 4970 mania,
432 4890 546 4953 cui
593 4889 711 4953 ille
759 4890 1044 4972 studuit,
1095 4890 1463 4955 subtitulo:
1515 4891 1595 4954 de
1640 4892 1783 4954 ritu
1831 4899 1893 4955 et
1932 4892 2229 4955 moribus
2273 4890 2770 4955 Germanorum
2814 4933 2894 4940 —

2577 5020 2645 5068 16
