3509 5600
1779 334 2216 396 -76-

967 527 1136 610 Cap.
1231 529 1357 591 110
1449 533 1504 590 V
1538 532 1673 591 lect.
1706 533 1868 607 vulg.
1902 531 2150 590 arnobae
2433 531 2492 589 H
2539 531 2751 589 almobe

1196 635 1263 699 II
1282 642 1309 698 1
1322 641 1358 698 9
1895 639 2185 698 vandilios
2432 638 2490 696 H
2534 639 2834 710 vandalo&
2885 637 3054 695 -ileos

1124 742 1262 805 XX
1280 749 1309 804 1
1323 749 1357 805 9
1893 746 2207 821 qratiosior
2434 745 2619 823 HAG²
2667 746 2895 820 qratior

1050 849 1260 913 XXII
1320 856 1354 912 9
1561 853 1714 912 VCD
1895 853 1995 911 sed
2038 853 2105 911 de
2433 852 2595 910 HAB
2642 853 2743 911 sed
2785 858 2837 911 et
2882 852 2949 910 de

953 956 1266 1022 XXVIII
1283 963 1359 1020 16
1455 960 1509 1016 V
1538 961 1670 1019 lect.
1705 960 1862 1036 vulg.
1894 959 2090 1018 meruli
2432 959 2490 1017 H
2533 959 2740 1031 nervii,
2780 956 2985 1017 heruli

1276 1069 1311 1126 2
1324 1070 1353 1125 1
1896 1067 2068 1125 nubii
2435 1067 2517 1144 ΗΞ
2567 1067 2740 1124 nubii

1142 1170 1267 1233 XL
1330 1177 1359 1233 1
1563 1174 1721 1233 VOD
1903 1175 2279 1249 lonyobardos
2436 1174 2546 1232 HA
2595 1174 2962 1248 laryobardos

1031 1277 1264 1342 XLIV
1326 1285 1353 1340 1
1556 1282 1715 1342 VOD
1896 1282 2025 1358 ipso
2426 1281 2589 1339 HAB
2636 1282 2760 1357 ipse

1557 1389 1716 1446 VAB
1897 1390 1967 1447 in
2012 1408 2321 1447 occeanum
2428 1388 2588 1447 HCD
2634 1389 2703 1446 in
2748 1407 2991 1447 occeano

794 1600 1026 1683 Atque
1074 1600 1144 1661 in
1187 1598 1542 1679 plerisque
1585 1598 1835 1661 horum
1877 1599 2191 1662 locorum
2234 1616 2382 1661 rem
2424 1597 2526 1660 ita
2558 1597 2922 1679 explicare
2957 1599 3372 1679 conabimur,

539 1758 549 1768 .
618 1713 696 1772 ut
744 1709 1211 1789 archetypum
1276 1706 1487 1769 aliam
1554 1706 1954 1769 exhibuerit
2016 1706 2388 1768 lectionem
2438 1706 2509 1767 in
2559 1710 2777 1786 textu,
2829 1706 3045 1769 aliam
3095 1707 3166 1768 in
3213 1724 3375 1769 mar-

615 1817 800 1897 gine,
850 1815 1034 1877 inter
1083 1832 1258 1895 quas
1292 1811 1353 1873 V
1401 1812 1607 1875 aliter
1656 1812 1954 1892 elegerit
2003 1818 2215 1893 atque
2248 1811 2332 1875 H.
2405 1811 2700 1876 Restant
2748 1813 2886 1876 tria
2932 1813 3059 1877 illa
3107 1814 3374 1877 nomina

615 1923 907 2005 propria
955 1922 1270 2000 abnobae,
1320 1904 1557 1999 nervii,
1607 1921 1766 2000 abii,
1828 1919 1913 1984 de
1963 1921 2215 2001 quibus
2263 1920 2403 1983 iam
2453 1920 2522 1982 in
2576 1921 2812 2002 capite
2862 1921 3088 2002 primo
3137 1927 3227 2003 (p.
3277 1924 3374 2002 36)

617 2031 907 2111 egimus.
1004 2028 1198 2109 Quas
1248 2045 1407 2091 cum
1457 2028 1526 2089 in
1577 2026 1822 2090 codice
1862 2026 1924 2090 V
1971 2045 2110 2089 non
2161 2026 2618 2108 reperiamuS,
2669 2045 2788 2091 eos
2838 2028 3163 2092 codicum
3209 2027 3272 2091 H
3314 2033 3376 2090 et

620 2138 683 2200 V
749 2137 1138 2216 archetypo
1210 2135 1490 2197 omnino
1556 2133 2152 2197 abiudicabimus:
2226 2134 2283 2196 si
2355 2135 2540 2197 enim
2614 2134 3047 2198 exstitissent
3114 2136 3184 2197 in
3249 2135 3375 2215 illo,

619 2264 663 2308 a
710 2243 972 2309 codicis
1020 2242 1079 2304 V
1130 2241 1418 2304 librario
1468 2241 1834 2319 neglectas
1881 2240 2031 2303 fore
2081 2258 2219 2302 non
2270 2244 2468 2322 puto:
2530 2245 2604 2303 at
2651 2242 2707 2303 si
2758 2241 2912 2322 quis
2961 2247 3212 2322 sumat,
3259 2242 3377 2304 has

622 2355 1065 2415 correcturas
1123 2349 1478 2429 exscripto
1528 2348 1667 2410 iarn
1717 2348 1964 2411 codice
2003 2347 2065 2411 V
2113 2347 2340 2412 codici
2391 2348 2782 2429 archetypo
2833 2348 3072 2410 illatas
3120 2366 3271 2411 esse
3314 2352 3380 2411 et

619 2465 764 2520 tum
815 2456 1223 2537 pervenisse
1282 2455 1352 2516 in
1402 2455 1715 2518 codicem
1778 2454 1862 2533 H,
1922 2472 2053 2535 ego
2111 2453 2300 2518 hanc
2357 2454 2763 2534 explicandi
2813 2455 3007 2517 viam
3065 2455 3382 2519 artificio-

618 2565 872 2627 siorem
923 2581 1074 2626 esse
1124 2563 1538 2626 existimem.
1633 2562 1878 2642 Neque
1929 2581 1972 2625 a
2019 2563 2363 2643 scriptore
2414 2561 2677 2626 codicis
2724 2560 2789 2624 H
2846 2562 3176 2625 inventas
3237 2580 3380 2627 esse

619 2671 749 2733 has
809 2670 1147 2733 lectiones
1209 2671 1554 2749 genuinas
1620 2675 1789 2750 puto
1846 2709 1932 2716 —
1991 2669 2107 2750 qui
2167 2668 2292 2731 tali
2344 2686 2482 2730 non
2540 2672 2646 2731 est
2694 2668 2977 2748 ingenio
3029 2709 3111 2716 κ-
3159 2687 3378 2750 neque

619 2782 868 2860 postea
917 2781 1280 2840 correctae
1330 2781 1510 2857 sunt,
1565 2782 1637 2838 ut
1685 2795 1723 2838 e
1769 2775 2266 2840 collationibus
2300 2778 2635 2856 apparet:
2687 2793 2870 2858 quae
2905 2793 3066 2840 cum
3099 2776 3201 2840 ita
3232 2776 3378 2856 sint,

619 2885 859 2948 facere
918 2884 1059 2947 iam
1120 2903 1259 2947 non
1321 2902 1602 2965 possum
1668 2885 1832 2964 quin
1898 2883 2220 2963 iudicem,
2291 2887 2433 2946 tres
2494 2883 2621 2946 has
2680 2884 3019 2948 lectiones
3077 2886 3382 2967 abnobae,

618 2991 857 3072 nervii,
892 2991 1031 3054 ubiz·
1065 2992 1344 3054 omnino
1382 2991 1720 3054 lectiones
1748 3010 1792 3053 a
1825 2990 2069 3054 codice
2095 2990 2160 3053 H
2187 2990 2459 3053 alienas
2492 3008 2665 3071 esse,
2702 3009 2877 3072 quas
2904 2990 3287 3072 Longolius
3313 3031 3383 3041 —-
3463 3017 3464 3030 ¹

618 3098 818 3162 cuius
887 3098 957 3159 in
1030 3099 1406 3161 collatione
1478 3098 1630 3160 sola
1700 3098 2149 3178 reperiuntur
2220 3138 2302 3145 -—
2368 3098 2499 3160 sibi
2572 3098 2909 3178 enotavit,
2984 3103 3060 3161 ut
3125 3103 3384 3163 textum
3463 3113 3464 3124 ¹

620 3204 946 3268 editionis
962 3204 1322 3268 Lotterian
1334 3224 1416 3269 ae
1440 3206 1847 3286 corrigeret,
1878 3223 2011 3267 non
2039 3210 2114 3267 ut
2135 3209 2616 3289 praestantem
2636 3204 2899 3269 codicis
2916 3204 3382 3270 Hummeliani

624 3313 998 3376 lectionem
1050 3312 1414 3375 indicaret.
3463 3297 3464 3302 ἵ

797 3455 949 3517 Iam
998 3455 1083 3518 de
1136 3454 1546 3517 differentiis
1596 3453 2025 3518 codicumH
2060 3459 2129 3516 et
2162 3454 2224 3516 V
2257 3454 2546 3533 egimuS‚
2591 3472 2891 3535 cumque
2926 3454 3110 3518 aliae
3155 3457 3381 3520 nullae
3463 3437 3464 3500 ἴ

618 3562 1072 3624 inveniantur
1115 3560 1632 3642 discrepantiae
1682 3567 1968 3642 praeter
2018 3561 2166 3641 haS‚
2214 3579 2389 3642 quas
2441 3561 2605 3641 dixi,
2654 3561 3208 3625 demonstratum
3253 3564 3379 3628 iam
3463 3553 3464 3628 J

619 3684 772 3730 esse
807 3675 994 3747 putO,
1043 3685 1162 3730 eos
1213 3686 1300 3729 ex
1348 3686 1483 3729 uno
1542 3667 1930 3749 eodemque
1981 3668 2370 3748 archetypo
2425 3668 2707 3731 duxisse
2757 3667 3119 3748 originem.
3190 3668 3382 3751 Quod

625 3774 1091 3855 archetypum
1140 3775 1378 3837 littera
1410 3778 1448 3841 ὁ
1486 3775 1860 3854 signemus,
1899 3780 1969 3836 et
2002 3774 2087 3837 de
2121 3775 2257 3838 hoc
2288 3774 2439 3855 ipso
2475 3774 2739 3854 codice,
2774 3774 2831 3837 si
2865 3775 3124 3856 placet,
3159 3793 3381 3856 pauca
3463 3769 3464 3784 ¹

623 3899 936 3961 agamus
988 3881 1303 3962 Scriptus
1337 3887 1491 3943 erat
1525 3887 1689 3944 ante
1725 3900 1985 3944 annum
2027 3886 2191 3946 1466
2228 3898 2295 3961 p.
2332 3879 2491 3944 Chr.
2527 3899 2615 3961 n.‚
2661 3898 2797 3961 quo
2842 3899 3026 3944 anno
3076 3881 3380 3947 codicem

626 3987 1239 4049 Vindobonensem
1305 3993 1675 4050 exaratum
1739 4007 1891 4051 esse
1954 3993 2250 4055 constat.
2315 3991 2385 4049 et
2451 3993 2609 4068 post
2670 4006 2934 4050 annum
2999 3994 3189 4066 1457,
3256 4005 3378 4071 quo
3463 4043 3464 4048 ,

629 4112 813 4157 anno
870 4093 1160 4158 Henoch
1216 4094 1612 4158 Asculauus
1670 4094 2160 4174 apographum
2218 4093 2390 4155 illud
2449 4093 2710 4157 codicis
2769 4093 3172 4159 Germanici
3234 4114 3379 4159 con-

628 4201 796 4265 fecit
846 4200 956 4288 (cf.
1008 4200 1530 4280 Reifferscheid,
1589 4200 1775 4265 Suet.
1827 4200 1976 4264 rell.
2029 4219 2092 4281 p.
2143 4205 2272 4266 410
2321 4204 2527 4281 sqq.):
2594 4219 2758 4263 nam
2822 4201 3138 4265 codicem
3204 4206 3243 4269 δ
3306 4217 3378 4265 ex

625 4309 760 4371 hoc
810 4308 1223 4389 apographo
1273 4306 1733 4371 Henochiano
1783 4307 2093 4388 pendere
2141 4312 2413 4370 certum
2461 4315 2595 4370 est:
2645 4307 2871 4387 primo
2924 4306 3104 4370 enim
3157 4309 3377 4389 capite

626 4414 944 4478 codicem
992 4413 1056 4477 H
1105 4433 1192 4477 ex
1241 4415 1361 4477 illo
1411 4413 1721 4494 pendere
1783 4413 2281 4493 demonstravi,
2342 4412 2557 4494 isque,
2625 4420 2697 4475 ut
2759 4432 2947 4478 nunc
3010 4414 3374 4491 arguimus,

623 4539 662 4584 e
726 4522 971 4584 codice
1034 4525 1073 4588 ὁ
1134 4521 1529 4602 exscriptus
1593 4527 1730 4584 est:
1804 4521 2043 4603 itaque
2106 4527 2176 4584 et
2236 4522 2352 4585 hic
2413 4526 2451 4588 ὁ
2516 4522 2606 4585 ad
2669 4523 3007 4585 Italorum
3070 4523 3376 4589 codicum

627 4627 970 4690 familiam
1018 4628 1359 4709 pertinet:
1411 4646 1640 4709 neque
1690 4628 2072 4709 quidquam
2124 4628 2288 4693 huic
2343 4629 2939 4709 argumentationi
2989 4644 3374 4710 repugnare

623 4734 854 4798 video,
950 4734 1332 4798 Praeterea
1377 4735 1532 4797 veri
1595 4734 1821 4797 simile
1888 4739 2011 4814 est,
2071 4734 2260 4799 hunc
2309 4735 2627 4799 codicem
2674 4736 2746 4798 in
2795 4735 3006 4799 Italia
3052 4736 3372 4818 scriptum

625 4859 799 4923 esse,
865 4860 1026 4907 cum
1089 4860 1275 4904 anno
1345 4847 1510 4908 1466
1573 4840 1839 4905 Romae
1903 4841 2113 4904 fuerit
2175 4842 2289 4924 (cf.
2339 4842 2926 4924 subscriptionem
2974 4841 3240 4907 codicis
3285 4839 3372 4920 V).
3463 4837 3464 4844 ’
