3509 5600
1763 393 2247 455 —116—

625 588 741 650 uni
791 587 1158 667 eidemque
1209 584 1597 664 archetypo
1647 600 2030 664 numquam
2090 583 2414 645 tribuam.
2511 582 2647 646 Sed
2713 582 2904 646 dicat
2968 582 3149 646 forte
3213 583 3412 664 quis-

622 694 833 775 piam,
897 692 1241 772 explicari
1303 689 1432 754 has
1497 690 1929 753 differentias
1992 690 2110 770 ita,
2177 699 2253 753 ut
2313 690 2497 753 idem
2557 688 3023 771 archetypum
3081 708 3158 753 re
3222 708 3408 754 vera

621 801 776 863 fons
824 800 1034 862 fuerit
1082 806 1152 862 et
1200 797 1464 862 codicis
1503 796 1546 861 S
1590 802 1661 860 et
1699 797 1963 861 codicis
1993 797 2081 876 M,
2122 797 2244 860 sed
2280 803 2573 878 uterque
2612 797 2940 860 librarius
2987 815 3112 859 suo
3166 796 3407 860 Marte

624 906 998 988 plerosque
1048 906 1239 968 locos
1287 905 1681 985 corruperit
1725 909 1848 967 aut
1889 904 2463 986 interpolaverit:
2514 903 2678 967 huic
2720 903 2864 966 alia
2897 902 3157 966 addam
3191 922 3409 984 argu-

623 1018 881 1092 menta,
941 1012 1265 1092 quamvis
1326 1012 1395 1073 in
1460 1011 1867 1073 universum
1917 1011 2068 1074 veri
2132 1011 2356 1074 simile
2420 1029 2558 1073 non
2623 1010 2732 1090 sit,
2796 1015 2899 1072 tot
2961 1011 3412 1074 differentias

626 1118 1139 1200 corrumpendo
1207 1124 1277 1181 et
1343 1118 1835 1198 interpolando
1903 1118 2099 1182 nasci
2168 1119 2237 1180 in
2302 1119 2571 1182 duobus
2637 1118 2951 1181 eiusdem
3019 1118 3408 1200 archetypi

627 1226 1077 1308 apographiS‚
1127 1226 1337 1288 immo
1386 1225 1522 1289 hoc
1570 1225 1723 1288 veri
1772 1225 2017 1306 simile,
2082 1225 2407 1290 codicum
2468 1230 2862 1288 nostrorum
2928 1243 3056 1306 per
3104 1225 3408 1305 longam

625 1333 1264 1413 manuscriptorum
1307 1333 1560 1395 seriem
1603 1332 1865 1395 distare
1909 1334 2209 1396 alterum
2253 1334 2343 1396 ab
2388 1333 2631 1396 altero,
2699 1331 2984 1412 Egimus
3027 1332 3409 1414 hucusque

629 1440 714 1503 de
763 1441 927 1502 solis
976 1439 1394 1520 corruptelis
1451 1443 1521 1501 et
1577 1439 2237 1519 interpolationibus
2299 1439 2621 1503 codicum
2669 1439 2737 1501 M
2787 1445 2856 1502 et
2904 1438 2969 1519 S,
3019 1439 3410 1503 videamus

623 1546 785 1625 iam,
836 1546 1120 1627 quinam
1172 1563 1394 1609 nexus
1443 1545 1840 1609 intercedat
1888 1547 2070 1609 inter
2130 1546 2412 1610 codices
2460 1547 2800 1626 vulgatae
2863 1546 3269 1609 traditionis
3338 1557 3413 1609 et

624 1657 916 1716 nostros
1020 1652 1108 1715 Et
1174 1652 1425 1734 quibus
1494 1651 1666 1716 locis
1728 1652 1794 1714 M
1863 1658 1933 1716 et
1998 1652 2042 1716 S
2110 1654 2555 1717 consentiant
2631 1671 2793 1716 cum
2866 1653 3167 1717 lectione
3249 1653 3407 1716 vul-

623 1765 813 1839 gata,
863 1777 1080 1839 supra
1126 1759 1390 1839 monui,
1441 1776 1604 1822 cum
1652 1777 1940 1837 agerem
1988 1760 2075 1822 de
2125 1760 2369 1824 codice
2417 1780 2485 1846 73
2552 1761 2669 1823 ubi
2718 1759 2786 1822 M
2833 1766 2958 1823 aut
3004 1759 3049 1823 S
3098 1777 3405 1824 consen-

627 1866 809 1928 tiant
856 1866 1105 1945 viginti
1154 1865 1397 1946 primis
1446 1866 1796 1946 capitibus
1845 1885 2005 1930 cum
2054 1885 2159 1945 ea,
2219 1872 2341 1930 ant
2393 1878 2685 1949 uterque
2738 1867 3093 1948 discrepet
3144 1868 3241 1931 ab
3298 1886 3412 1947 ea,

623 1973 830 2035 modo
898 1973 1206 2038 enotavi.
1303 1971 1841 2036 Consideremus
1906 1973 2048 2035 iam
2116 1991 2236 2037 eos
2303 1974 2514 2053 locOS,
2585 1974 2699 2037 ubi
2758 1974 2826 2036 M
2876 1979 2947 2037 et
2993 1973 3038 2037 S
3087 1973 3282 2037 inter
3333 1992 3414 2038 se

628 2079 1119 2142 dissentientes
1189 2079 1394 2142 modo
1466 2078 1672 2141 huius
1738 2079 1943 2141 modo
2010 2079 2195 2142 illius
2262 2080 2525 2144 codicis
2592 2080 2931 2160 vulgatae
2999 2079 3414 2143 traditionis

623 2186 998 2249 lectionem
1052 2193 1173 2248 aut
1221 2186 1623 2266 exprimunt
1673 2190 1795 2248 aut
1844 2203 2051 2266 quam
2104 2187 2424 2267 proxime
2474 2187 2563 2249 ad
2613 2205 2771 2250 eam
2820 2185 3195 2251 accedunt.

1800 2489 1889 2555 M
2641 2488 2695 2556 S

1018 2666 1172 2728 cap.
1216 2648 1382 2711 1113
1524 2654 1577 2710 ai
1622 2655 1673 2710 A
2425 2660 2475 2711 et
2522 2654 2673 2713 BGD

1305 2760 1384 2818 23
1523 2760 1645 2818 sint
1690 2760 1840 2820 ABG
2431 2766 2573 2819 sum
2621 2761 2671 2820 D

1186 2861 1279 2924 IV
1346 2869 1381 2924 5
1523 2872 1826 2942 tamquam
1873 2867 1973 2926 GD
2421 2887 2783 2943 quamquam
2829 2868 2930 2925 AB

1308 2974 1385 3032 10
1524 2974 2011 3048 awldeujerintA
2031 2992 2189 3050 supr.
2209 2973 2309 3033 lin.
2420 2979 2806 3032 assuenerunt
2855 2974 2956 3032 GD

1223 3073 1285 3136 V
1350 3082 1382 3138 7
1523 3086 1691 3155 atque
1738 3081 1861 3157 (GD
1909 3081 2128 3156 eatque)
2421 3082 2627 3157 haeque
2674 3081 2798 3158 (AB
2846 3091 3034 3157 eeque)

1308 3188 1384 3244 12
1514 3187 1765 3261 proinde
1806 3187 1906 3245 GD
2416 3188 2658 3263 perinde
2705 3190 2756 3246 A

1157 3287 1290 3351 VII
1348 3294 1383 3350 2
1522 3298 1625 3351 aut
1671 3294 1849 3351 libera
1894 3294 1947 3351 A
2420 3314 2486 3352 ao
2531 3295 2706 3352 libera
2752 3295 2803 3352 D

1106 3394 1279 3457 XIII
1344 3402 1379 3457 5
1512 3402 1888 3476 propinquus
1935 3401 2034 3460 GD
2409 3403 2736 3478 propinqui
2781 3403 2894 3460 AB·

1120 3501 1285 3564 XIV
1351 3508 1386 3565 9
1524 3507 1679 3564 ultra
1727 3508 1778 3566 D
2422 3509 2575 3566 ultro
2622 3508 2772 3567 ABG

1044 3606 1281 3669 XVIII
1349 3615 1380 3670 7
1524 3618 1575 3670 et
1609 3614 1941 3688 propinqui
1986 3614 2140 3673 AGD
2421 3634 2487 3672 ac
2520 3615 2849 3690 propinqui
2895 3615 2943 3672 B

1305 3720 1381 3777 15
1522 3720 1861 3794 ineepzlentis
1907 3721 2062 3779 AGD
2422 3722 2835 3796 incipientibus
2883 3722 2931 3779 B

1307 3827 1382 3883 18
1522 3826 1626 3883 hoe
1671 3827 1820 3884 ABG
2420 3829 2518 3885 hec
2563 3829 2614 3885 D

1147 3925 1281 3988 XX
1349 3933 1385 3989 3
1525 3938 1629 3989 aut
1675 3933 1776 3989 AB
2424 3954 2491 3992 (ιο
2536 3935 2635 3993 GD

1343 4040 1383 4096 4
1521 4039 1887 4097 eclucacc‘onz‘s
1933 4040 2082 4099 ABG
2420 4041 2859 4100 educavionibus
2907 4042 2957 4099 D

1304 4146 1333 4203 1
1348 4146 1381 4202 9
1518 4147 1745 4219 ,munior
1795 4149 1846 4203 A
1877 4166 1991 4205 var.
2032 4147 2101 4225 G2
2416 4149 2736 4222 fflneiosz'or
2780 4149 2988 4208 ABGD

1075 4244 1284 4307 XXII
1351 4253 1380 4308 1
1525 4271 1553 4308 (τ
1601 4252 1700 4310 GD
2421 4255 2578 4312 enim
2626 4255 2728 4312 AB

1348 4360 1381 4416 9
1522 4360 1621 4416 sed
1664 4366 1715 4416 et
1762 4360 1864 4417 AB
2417 4362 2521 4420 sed
2565 4361 2665 4420 GD

1031 4458 1278 4520 XXIII
1349 4467 1378 4522 1
1523 4466 1823 4540 quandam
1868 4466 2018 4525 ABG
2420 4468 2670 4543 quadam
2723 4469 2773 4526 D

1044 4564 1281 4627 XXIV
1344 4573 1384 4629 4
1511 4573 1799 4647 Ρανατίιῖμ
1844 4573 1994 4631 ABG
2410 4581 2588 4649 parat
2633 4576 2684 4633 D

1348 4680 1379 4736 7
1520 4679 1728 4736 mirere
1776 4679 1924 4738 ABG
2420 4683 2667 4740 miretur
2713 4682 2763 4740 D

1078 4776 1280 4840 XXV
1341 4785 1381 4844 4
1517 4790 1621 4843 aut
1666 4787 1864 4844 colono
1902 4787 2029 4862 (BP)
2422 4794 2489 4846 ut
2533 4788 2730 4847 colono
2778 4789 2880 4846 AB
2927 4788 3050 4864 (GD
3088 4792 3163 4865 et)

1042 4884 1282 4947 XXVI
1347 4893 1379 4949 7
1522 4891 1776 4950 laborare
1822 4892 2057 4971 ΑιΒΙΟ2
2423 4894 2608 4952 labore
2653 4895 2809 4954 AGD
