3509 5600
1151 1457 1890 1565 Praefatio,

305 1865 362 1928 E
398 1882 534 1944 quo
569 1869 887 1946 tempore
920 1872 1246 1928 renatum
1281 1870 1387 1928 est
1419 1866 1817 1929 litterarum
1853 1864 2293 1931 Graecarum
2326 1873 2397 1930 et
2422 1866 2902 1932 Romanarum

119 1972 467 2051 studium,
534 1971 804 2034 nullum
875 1972 1023 2035 fere
1087 1972 1358 2053 antiqui
1420 1973 1682 2053 ingenii
1751 1977 2279 2037 monumentum
2343 1974 2521 2037 adeo
2585 1977 2905 2040 exercuit

116 2080 442 2143 virorum
494 2079 859 2143 doctorum
909 2070 1180 2142 anim‘os
1230 2097 1442 2160 quam
1492 2098 1748 2143 aureus
1796 2079 1916 2144 ille
1964 2079 2243 2144 libellus
2285 2099 2495 2162 quem
2537 2080 2905 2146 Cornelius

116 2185 417 2250 Tacitus
465 2185 884 2266 conscripsit
933 2186 1020 2249 de
1061 2186 1197 2249 situ
1242 2205 1329 2249 ac
1371 2187 1649 2267 populis
1691 2185 2226 2251 Germanorum.
2293 2186 2674 2252 Confestim
2717 2190 2903 2252 enim

117 2297 295 2372 tum,
347 2310 508 2356 cum
548 2291 843 2355 Henoch
888 2292 1286 2356 Asculanus
1328 2292 1524 2357 circa
1571 2311 1833 2356 annum
1881 2299 2045 2360 1457
2094 2295 2583 2376 apographum
2628 2314 2831 2359 suum
2865 2315 2905 2360 e

115 2399 374 2464 codice
423 2399 728 2480 quodam
789 2398 856 2461 in
918 2399 1344 2462 monasterio
1404 2399 1641 2481 aliquo
1693 2400 2118 2465 Germaniae
2176 2401 2444 2465 latente
2501 2403 2902 2467 confectum

116 2507 184 2569 in
222 2506 515 2569 Italiam
548 2506 818 2569 rettulit
836 2510 876 2587 1,
915 2506 1232 2586 arripere
1266 2506 1457 2570 hunc
1490 2507 1808 2571 codicem
1843 2509 1933 2571 ab
1959 2506 2282 2572 Henochi
2313 2527 2527 2572 manu
2562 2510 2901 2591 scriptum

114 2631 428 2694 eumque
478 2614 882 2677 exscribere
932 2618 1321 2694 coeperunt
1371 2613 1505 2676 viri
1556 2614 1783 2677 docti:
1834 2632 1872 2677 e
1922 2632 2219 2695 quorum
2262 2617 2693 2698 apographis
2740 2617 2904 2680 novi

115 2721 255 2783 orti
322 2725 485 2783 sunt
547 2721 848 2801 codiceS,
913 2738 1144 2802 neque
1209 2723 1426 2784 multo
1484 2727 1642 2804 post
1698 2721 1970 2803 primae
2029 2729 2514 2804 apparuerunt
2563 2724 2905 2787 editiones

112 2832 314 2911 typis
355 2848 757 2912 expressae,
801 2830 904 2893 ita
946 2837 1021 2893 ut
1061 2830 1288 2893 multa
1330 2830 1530 2893 nobis
1563 2834 1848 2911 praesto
1882 2830 2020 2892 sint
2052 2830 2366 2894 subsidia
2397 2831 2490 2894 ad
2524 2833 2903 2896 verborum

114 2943 538 3002 contextum
589 2938 1179 3002 constituendum.

300 3044 515 3108 Brevi
564 3049 798 3108 autem
848 3045 1354 3107 intellexerunt
1403 3045 1537 3107 viri
1586 3045 1794 3123 docti,
1845 3063 1984 3108 non
2035 3063 2276 3108 omnes
2325 3044 2607 3109 codices
2656 3045 2903 3108 eodem

106 3153 329 3216 modo
359 3152 511 3215 usui
537 3170 691 3216 esse
728 3153 798 3214 in
834 3158 1032 3215 textu
1066 3152 1522 3233 restituend0‚
1557 3169 1858 3232 cumque
1893 3152 2073 3215 alter
2107 3171 2197 3215 ex
2231 3153 2454 3215 altero
2489 3152 2904 3233 profluxerit

106 3259 607 3340 quaerendum
671 3277 852 3339 esse,
919 3260 1130 3340 quale
1193 3259 1282 3321 sit
1345 3263 1645 3322 stemma
1704 3258 1953 3322 horum
2007 3255 2349 3323 'codicum
2411 3258 2899 3324 Taciteorum:

104 3385 281 3436 cum
331 3366 520 3430 enim
569 3366 626 3429 is
675 3363 922 3447 codex,
973 3366 1090 3446 qui
1135 3383 1349 3446 quam
1390 3366 1709 3446 proxime
1753 3365 2048 3429 distaret
2090 3367 2180 3429 ab
2228 3366 2640 3447 archetypO,
2687 3367 2900 3429 etiam

105 3491 331 3554 quam
362 3473 683 3554 proxime
719 3472 809 3535 ad
842 3472 1264 3553 scripturam
1294 3472 1512 3553 ipsius
1539 3472 1848 3535 auctoris
1875 3471 2269 3552 accederet,
2297 3473 2536 3551 magni
2565 3471 2901 3535 momenti

105 3587 296 3662 erat,
349 3598 612 3644 nexum
671 3580 993 3644 codicum
1046 3578 1497 3644 Taciteorum
1555 3580 1929 3642 illustrare.
2026 3578 2153 3644 Cui
2208 3579 2562 3643 stemmati
2621 3597 2899 3660 compo-

106 3688 354 3751 nendo
404 3687 749 3769 imprimis
797 3705 1089 3768 operam
1139 3686 1485 3778 dederunt
1530 3686 2035 3750 Reifferscheid
2092 3687 2188 3769 (in
2245 3686 2535 3750 edendis
2585 3685 2900 3750 Suetonii

100 3794 434 3875 reliquiis
479 3813 546 3875 p.
592 3799 714 3859 411
764 3811 914 3875 sqq.
965 3800 1036 3857 et
1083 3795 1150 3856 in
1203 3794 1526 3874 symbola
1574 3794 2091 3875 philologorum
2138 3794 2609 3857 Bonnensium
2644 3811 2709 3874 p.
2748 3796 2902 3874 623)

99 3906 174 3965 et
240 3900 622 3964 Michaelis
688 3901 783 3983 (in
846 3900 1289 3982 praefatione
1353 3900 1642 3963 editioni
1706 3901 1968 3980 dialogi
2018 3900 2289 3964 Tacitei
2352 3900 2438 3963 de
2501 3900 2898 3963 oratoribus

98 4008 400 4089 Lipsiae
474 4026 661 4070 anno
738 4013 905 4074 1868
977 4008 1428 4089 praemissa):
1501 4026 1591 4070 ex
1662 4008 1744 4070 iis
1818 4025 2001 4088 quae
2077 4013 2553 4088 exposuerunt
2623 4007 2695 4069 hi
2759 4007 2898 4069 viri

97 4114 307 4179 docti
390 4119 713 4195 apparet,
788 4115 923 4177 duo
992 4132 1144 4177 esse
1211 4132 1479 4194 genera
1541 4133 1784 4177 eorum
1847 4114 2191 4194 codicum,
2257 4115 2374 4195 qui
2442 4114 2898 4178 Germaniam

96 4221 322 4285 nobis
385 4229 890 4300 servaverunt,
959 4226 1334 4302 utrumque
1402 4239 1491 4284 ex
1555 4222 1968 4302 apographo
2033 4221 2494 4285 Henochiano
2558 4221 2896 4302 pendens,

88 4328 411 4392 alterius
444 4328 727 4408 generis
760 4328 877 4409 (X)
911 4328 1557 4409 praestantissimos
1599 4347 1751 4391 esse
1802 4328 2082 4392 codices
2117 4327 2540 4392 Vaticanum
2581 4334 2748 4395 1862
2782 4329 2895 4410 (Α)

91 4445 167 4498 et
214 4434 653 4497 Leidensem
686 4433 811 4516 (B),
862 4435 1154 4498 alterius
1187 4434 1299 4518 (Y)
1348 4434 1859 4498 Farnesianum
1909 4435 2059 4498 sive
2107 4434 2653 4516 Neapolitanum
2690 4435 2794 4517 (C)
2830 4441 2899 4499 et

90 4542 546 4606 Vaticanum
583 4546 746 4607 1518
777 4540 919 4628 (D);
956 4542 1263 4623 reliquos
1297 4542 1579 4606 codices
1613 4561 1702 4605 ex
1733 4542 1841 4605 his
1875 4560 2027 4605 esse
2062 4542 2454 4623 exscriptos
2488 4547 2559 4606 et
2592 4543 2894 4623 plerum-

89 4667 239 4732 que
317 4647 744 4728 corruptelis
816 4654 940 4712 aut
1014 4649 1470 4729 neglegentia
1542 4655 1663 4711 aut
1733 4649 2132 4712 temeritate
2203 4649 2651 4713 librariorum
2728 4650 2897 4712 ortis

292 4831 319 4869 1
374 4831 564 4889 Aliter
609 4830 684 4888 de
730 4832 842 4889 hac
890 4849 953 4888 re
1000 4829 1222 4889 indicat
1270 4829 1337 4889 Gr.
1386 4830 1566 4905 Voigt
1624 4831 2114 4904 Wiederbelebzmy
2167 4830 2264 4888 des
2318 4830 2667 4888 elassisehen
2712 4831 2897 4888 Alter·-

90 4930 270 4982 tums·
323 4921 363 4980 Ι
409 4939 465 4997 p.
515 4922 639 4979 257
691 4925 807 4979 not.
854 4921 914 4978 4.
