3509 5600
2845 1658 2876 1681 l

1406 1642 1885 1779 Caput
1982 1647 2664 1752 alterum.

648 1897 766 1962 De
818 1893 1070 1961 Taciti
1128 1893 1599 1961 Germaniae
1658 1892 1915 1957 codiee
1965 1874 2553 1959 Vindobonensi
2603 1893 2679 1959 ΙΙ
2729 1902 2801 1960 et
2859 1895 2950 1959 de
3002 1896 3392 1978 archetypo
3481 1912 3482 1937 ³

1126 2019 1475 2085 codicum
1538 2019 2071 2084 Hummeliani
2135 2027 2207 2085 et
2256 2019 2917 2086 vindobonensis,

1818 2244 2243 2251 ————

830 2407 1003 2472 Cum
1070 2409 1140 2471 in
1208 2411 1442 2491 capite
1508 2411 1731 2492 primo
1799 2411 2179 2476 scriberem
2249 2411 2335 2474 de
2393 2410 2620 2474 Taciti
2679 2410 3106 2474 Germaniae
3172 2409 3399 2473 codice
3485 2408 3486 2481 l

649 2514 1146 2578 Hummeliano
1218 2527 1431 2597 atque
1509 2517 1580 2580 id
1651 2535 1966 2597 agerem,
2039 2523 2115 2579 ut
2184 2516 2373 2581 hunc
2452 2517 2768 2582 codicem
2841 2535 2930 2580 ex
3002 2515 3399 2597 apographo
3485 2498 3486 2501 ¹

650 2621 1116 2685 Henochiano
1150 2622 1460 2703 pendere
1495 2623 2068 2703 demonstrarem,
2104 2624 2287 2686 inter
2321 2624 2465 2687 alia
2497 2630 2922 2704 argumenta
2946 2622 3403 2704 compluriens

649 2728 910 2811 protuli
972 2729 1309 2792 lectiones
1366 2748 1404 2792 e
1454 2731 1697 2795 codice
1748 2730 2271 2794 Vindobonensi
2320 2731 2431 2814 (V)
2481 2731 2937 2813 depromptas
2997 2735 3068 2794 et
3127 2746 3405 2794 consen-

649 2837 904 2900 tientes
961 2854 1120 2900 cum
1179 2837 1424 2901 codice
1481 2838 2044 2902 Hummmeliano
2102 2844 2193 2920 (p.
2249 2844 2352 2905 37.
2408 2844 2511 2905 38.
2565 2844 2695 2920 42).
2791 2838 2928 2903 Sed
2994 2838 3067 2901 hi
3135 2837 3404 2902 codices

647 2960 787 3005 non
859 2943 1084 3005 solum
1156 2943 1225 3005 in
1298 2962 1440 3006 una
1502 2946 1823 3008 alterave
1887 2945 2212 3024 lectione,
2276 2962 2527 3008 verum
2591 2949 2743 3008 tota
2798 2945 3035 3008 indole
3100 2944 3203 3008 ita
3258 2961 3408 3007 con-

647 3051 977 3130 sentiunt,
1029 3057 1105 3111 ut
1151 3048 1719 3115 Hummelianum
1767 3058 1837 3115 et
1883 3050 2499 3115 Vindobonensem
2547 3056 2911 3132 tamquam
2958 3051 3218 3115 fratres
3263 3069 3409 3114 esse

653 3160 1038 3237 appareat:
1087 3174 1487 3237 nexumque
1536 3175 1775 3221 eorum
1826 3175 2083 3221 revera
2128 3158 2521 3220 fraternum
2563 3176 2717 3222 esse
2760 3158 2896 3223 hoc
2937 3157 3175 3238 capite
3218 3175 3413 3222 accu-

647 3262 871 3325 ratius
914 3263 1277 3343 explicare
1311 3271 1381 3326 et
1413 3264 1844 3344 argumentis
1892 3264 2141 3327 fulcire
2192 3266 2536 3343 conabor;
2587 3282 2891 3346 cumque
2938 3264 3414 3328 invenerimus

652 3369 780 3432 hos
851 3369 1025 3432 duos
1096 3369 1376 3433 codices
1446 3389 1534 3434 ex
1616 3389 1749 3433 uno
1829 3370 2216 3451 eodemque
2297 3370 2687 3452 archetypo
2768 3370 3163 3451 exscriptos
3240 3388 3413 3448 esse,

651 3493 1101 3557 quaeremus,
1152 3476 1488 3558 quidnam
1535 3478 1697 3540 inde
1745 3477 2070 3541 concludi
2118 3477 2338 3558 possit
2387 3477 2473 3540 de
2521 3477 2727 3540 huius
2775 3477 2993 3558 ipsius
3045 3476 3412 3558 archetypi

648 3583 884 3645 indole
952 3588 1022 3645 et
1089 3583 1174 3646 de
1239 3601 1426 3646 nexu
1493 3584 1640 3647 eius
1706 3602 1866 3648 cum
1932 3585 2219 3665 reliquis
2287 3584 2713 3648 Germaniae
2781 3584 3144 3649 codicibus
3209 3585 3414 3648 inter-

652 3689 970 3754 cedente.

825 3795 959 3860 Sed
1026 3796 1433 3876 priusquam
1496 3796 1563 3857 in
1628 3795 1854 3876 ipsam
1923 3795 2295 3858 materiam
2360 3795 2871 3876 ingrediamur,
2936 3813 3172 3876 pauca
3245 3796 3414 3859 mihi

647 3903 961 3984 praefari
1003 3903 1217 3966 liceat
1260 3902 1345 3965 de
1387 3903 1712 3982 fontibuS,
1757 3920 1796 3965 e
1830 3902 2081 3982 quibus
2114 3920 2220 3983 ea,
2265 3919 2448 3982 quae
2482 3902 2569 3964 de
2612 3901 2856 3966 codice
2889 3900 3416 3965 Vindobonensi

648 4028 803 4073 sum
853 4009 1237 4088 adlaturuS,
1287 4009 1659 4072 hauserim.
1736 4008 2067 4073 Codicem
2100 4007 2715 4072 Vindobonensem
2762 4008 2831 4071 II
2880 4009 2973 4071 ad
3019 4008 3090 4071 id
3137 4013 3417 4091 tempus

649 4117 966 4197 ignotum
1033 4116 1299 4196 primus
1364 4116 1434 4177 in
1501 4116 1728 4178 lucem
1796 4115 2085 4196 protulit
2141 4114 2191 4177 I.
2252 4114 2581 4195 Huemer,
2650 4120 3065 4179 accuratam
3130 4115 3284 4179 eius
3351 4127 3418 4179 et

654 4222 1199 4303 descriptionem
1271 4230 1341 4285 et
1411 4223 1860 4286 collationem
1925 4222 2265 4286 exhibens
2335 4221 2753 4307 (Zeitschrift
2812 4224 2937 4307 fiir
3000 4223 3107 4286 die
3176 4230 3416 4287 osterr.

650 4328 1066 4413 Gymnasien
1125 4334 1286 4390 tom.
1355 4328 1596 4390 XXIX
1663 4348 1727 4410 p.
1780 4334 1902 4395 801
1964 4333 2172 4410 sqq.);
2240 4347 2327 4391 ne
2386 4328 2778 4392 confundas
2836 4328 3025 4392 hunc
3093 4329 3413 4395 codicem

650 4452 811 4499 cum
860 4433 1383 4497 Vindobonensi
1432 4434 1483 4514 I,
1547 4435 1664 4515 qui
1713 4436 1876 4497 olim
1924 4434 2054 4497 fuit
2102 4434 2330 4498 codex
2377 4435 2729 4516 Sambuci,
2780 4436 3144 4499 annalium
3192 4436 3416 4501 libros

652 4538 1029 4618 XI-XVI,
1067 4540 1411 4621 historias,
1448 4540 1921 4622 Germaniam,
1959 4540 2335 4621 Dialogum
2379 4542 2785 4605 continente
2827 4542 2942 4625 (cf.
2981 4543 3412 4607 Massmanni

647 4647 756 4710 ed.
809 4664 873 4727 p.
912 4650 1055 4727 21):
1108 4648 1221 4727 qui
1273 4648 1422 4729 ipse
1472 4666 1749 4729 quoque
1800 4647 2260 4711 Vindobonae
2317 4653 2645 4711 servatur
2692 4648 2764 4710 in
2813 4648 3246 4713 bibliotheca
3295 4652 3421 4714 im-

649 4752 902 4835 periali
980 4771 1410 4836 numeroque
1485 4757 1804 4836 signatur
1872 4754 1981 4818 IL.
2080 4754 2282 4835 Quae
2358 4754 2445 4817 de
2513 4756 2759 4821 codice
2825 4762 3062 4818 nostro
3131 4756 3417 4839 scripsit

650 4861 776 4924 Ed.
819 4859 1186 4942 Philippus
1237 4863 1304 4924 in
1359 4863 1927 4926 adnotationibus
1978 4862 2070 4924 ad
2123 4861 2342 4924 Taciti
2392 4863 2682 4925 codicem
2728 4862 3302 4926 Vindobonensem
3347 4864 3428 4926 II
